% Bibliography for the test
%
%
%
%  Examples of including articles, etc.
%
%
%
%@article{MooresLaw,
%author = {Moore, G. E.},
%title  = {Cramming More Components Onto Inegrated Circuits},
%journal = {Electronics},
%year = {1965},
%number = {8},
%month = {April},
%pages = {4},
%key = {},
%note = {Origional Moore's Law paper}
%}
%
%
%
%@article{Payne1992,
%author  = {Payne, M. C. and Teter, M. P. and Allan, D. C. and Arias, T. A. and Joannopoulos, J. D.},
%journal = {Rev. Mod. Phys.},
%volume = 64,  
%number = 4,
%pages = {1045--1077}
%}
%
%
%
%@phdthesis{Kawamoto2001,
%author = {Kawamoto, A},
%title  = {Atomic scale modeling of silicate interface properties for high-k gate dielectric applications},
%school = {Stanford Universtity},
%year   =  {2001}
%}
%
%@inbook{Liu2005,
%author = {Liu, R.},
%title = {Materials Fundamentals of Gate Dielectrics}, 
%editor = {A. A. Demkov and A. Navrotsy},
%publisher = {Springer},
%address = {Dordrecht}, 
%year = 2005,
%pages = {1-36}
%}
%

@misc{pbc,
      author = "C.M.U",
      title = "Model box periodic boundary conditions",
      month = "March",
      year = 2012,
}



@article{moores_law,
author = {Moore, G. E.},
title  = {Cramming More Components Onto Inegrated Circuits},
journal = {Electronics},
year = {1965},
volume= {38},
number = {8},
month = {April},
pages = {4},
key = {},
note = {Original Moore's Law paper}
}


@inbook{semiconductor_chihiro,
author = {Hamaguchi, C.},
title = {Basic semiconductor physics}, 
publisher = {Springer},
address = {Berlin}, 
year = 2010,
pages = {334-335}
}

@inbook{sio2_dielectric,
author = {Muller, S. AND Kamins, T. I.},
title = {Device Electronics for Integrated Circuits}, 
publisher = {Wiley}, 
year = 2003,
}

@inbook{cgto,
author = {Levine, I. N.},
title = {Quantum Chemistry, Third edition}, 
publisher = {Elsevier},
year = 2005,
pages = {356}
}


@inbook{dft_martin,
author = {Martin, R.},
title = {Electronic structure: Basic theory and practical methods}, 
publisher = {Cambridge university press},
address = {Cambridge}, 
year = 2004,
pages = {173}
}


@inbook{electronegativity_equalization,
author = {Sanderson, R. T.},
title = {Chemical Bonds and Bond Energy}, 
publisher = {Academic press},
year = 1976,
}

@inbook{defects_fleetwood,
title = {Defects in microelecronic materials and devices}, 
editor = {Fleetwood, D. M. and Pantelides, S. T. and Schrimpf, R. D.},
publisher = {CRC Press},
year = 2009,
}


@inbook{bti_hydrogen,
title = {Bias Temperature Instability for Devices and Circuits},
editor = {Grasser, T.},
publisher = {Springer},
year = 2013,
}


@inbook{semiconductor_sze,
author = {Sze, S. M. and NG, K. K. },
title = {Physics of semiconductor devices Third edition}, 
publisher = {Wiley},
address = {New Jersey}, 
year = 2007,
pages = {293-319}
}

@inbook{molecular_modelling,
author = {Leach, A. R.},
title = {Molecular modelling: Principles and applications}, 
publisher = {Pearson Prentice Hall},
year = {2001},
pages = {359-362}
}

@inbook{spectroscopy_1,
editor = {Pacchioni, G. and Skuja, L. and Griscom, D. L.},
title = {Defects in SiO$_2$ and Related Dielectrics: Science and Technology},
publisher = {Nato Science Series},
year = {2000},
}

@inbook{spectroscopy_2,
author = {Radzig, V. A.},
title = {Defects in SiO and Related Dielectrics: Science and Technology},
publisher = {Nato Science Series},
year = {2000},
pages = {339}
}

@article{bsse,
author = {Jansen, H. B. and Ros, P.},
journal = {Chem. Phys. Lett.},
year = {1969},
volume = {3},
pages = {140},
}

@article{cartier_depassivation,
author = "Cartier, E. and Stathis, J. H. and Buchanan, D. A.",
journal = "Appl. Phys. Lett.",
year = "1993",
volume = "63",
number = "11", 
pages = "1510--1512",
}

@article{stathis_depassivation,
  title = {Atomic hydrogen reactions with ${\mathit{P}}_{\mathit{b}}$ centers at the (100) Si/${\mathrm{SiO}}_{2}$ interface},
  author = {Stathis, J. H. and Cartier, E.},
  journal = {Phys. Rev. Lett.},
  volume = {72},
  issue = {17},
  pages = {2745--2748},
  numpages = {0},
  year = {1994},
  month = {Apr},
  publisher = {American Physical Society},
  doi = {10.1103/PhysRevLett.72.2745},
  url = {http://link.aps.org/doi/10.1103/PhysRevLett.72.2745}
}

@article{hydrogen_breakdown,
title = "Quantitative two-step hydrogen model of SiO2 gate oxide breakdown ",
journal = "Solid-State Electronics ",
volume = "46",
number = "11",
pages = "1825 - 1837",
year = "2002",
note = "",
author = "Jordi Suñé and Ernest Wu"
}

@ARTICLE{hydrogen_ria,
author={Henschel, H. and Kohn, O. and Weinand, U.},
journal={IEEE Trans. Nucl. Sci.},
year={2002},
volume={49},
pages={1401-1409},
}

@article{electrets,
author = {Sessler, G. M. and West, J. E.},
journal = {Appl. Phys. Lett.},
year = {1970},
volume = {17},
pages = {507},
}

@article{laser_ablation,
author = {Stoian, R. and Rosenfeld, A. and Ashkenasi, D. and Hertel, I. V. and Bulgakova, N. M. and Campbell, E. E. B.},
journal = {Phys. Rev. Lett.},
year = {2002},
volume = {88},
pages = {097603},
}

@article{anderson_states,
author = {Anderson, P. W.},
journal = {Phys. Rev.},
year = {1958},
volume = {109},
pages = {1492-1505},
}

@article{eprime_quartz_hyperfine,
author = {Jani, M. G. and Bossoli, R. B. and Halliburton, L. E.},
journal = {Phys. Rev. B},
year = {1983},
volume = {27},
pages = {2285},
}

@article{eprime_4_1,
author = {Isoya, J. and Weil, J. A. and Halliburton, L. E. },
journal = {J. Chem. Phys.},
year = {1981},
volume = {74},
pages = {5436},
}

@article{eprime_4_2,
author = {Weeks, R. A. and Nelson, C. M.},
journal = {J. Am. Ceram. Soc.},
year = {1960},
volume = {43},
pages = {399},
}


@article{diebold_tem,
author = {Diebold, A. C. and Venables, D. and Chabal, Y. and Muller, D. and Weldon, M. and Garfunkel, E. },
title  = {Characterization and production metrology of thin transistor gate oxide films},
journal = {Mater. Sci. Semicond. Process.},
year = {1999},
volume = {2},
pages = {103-147},
}

@article{waseda_density,
author= {Waseda, A. and Fujii, K.},
journal={IEEE Trans. Instrum. Meas.},
year={2007},
volume={56},
pages={628-631},
}

@article{hirose_sisio2,
author = {Hirose, K. and Nohira, H. and Koike, T. and Sakano, K. and Hattori, T.},
journal = {Phys. Rev. B},
year = {1999},
volume = {59},
pages = {5617},
}

@article{blochl_vacancies,
author = {Bl\"ochl, P.},
journal = {Phys. Rev. B},
year = {2000},
volume = {62},
pages = {6158},
}

@article{sth_kimmel,
author = {Kimmel, A. V. and Sushko, P. V. and Shluger, A. L.},
journal = {J. Non-Cryst. Solids},
year = {2007},
volume = {353},
pages = {599-604},
}

@article{doubly_positive_sio2,
title = "Doubly positively charged oxygen vacancies in silica glass ",
author = {Kimmel, A. V. and Shluger, A. L.},
journal = "J. Non-Cryst. Solids ",
volume = "355",
number = "18–21",
pages = "1103 - 1106",
year = "2009",
keywords = "Absorption",
keywords = "Silica",
keywords = "Defects "
}

@article{surface_charging,
author = {Takeuchi, A. and Nagahama, H. and Hashimoto T.},
journal = {Phys. Chem. Earth},
year = {2004},
volume = {29},
pages = {359},
}

@article{morita_charge,
author = {Morita, S and Sugawara, Y},
journal = {Thin Solid Films},
year = {2001},
volume = {393},
pages = {310-318},
}

@article{skuja_defects,
author = {Skuja, L.},
journal = {J. Non-Cryst. Solids},
year = {1998},
volume = {239},
pages = {16-48},
}


@article{skuja_hdiffusion,
author = {Kajihara, K. and Skuja, L. and Hirano, M. and Hosono, H.},
journal = {Phys. Rev. Lett.},
year = {2002},
volume = {89},
pages = {135507},
}

@article{robertson_oxides,
title={Behaviour of hydrogen in wide band gap oxides},
author = {Li, H. and Robertson, J.},
journal = {J. Appl. Phys.},
year = {2014},
volume = {115},
pages = {203708},
}

@article{h_gate1,
author = {Su\~n\'e, J. and Wu, E. Y.},
journal = {Phys. Rev. Lett.},
year = {2004},
volume = {92},
pages = {087601}
}

@INPROCEEDINGS{pobegen_h,
author={Pobegen, G. and Nelhiebel, M. and Grasser, T.},
booktitle={Reliability Physics Symposium (IRPS), 2013 IEEE International},
title={Detrimental impact of hydrogen passivation on NBTI and HC degradation},
year={2013},
month={April},
pages={XT.10.1-XT.10.6},
}

@article{kannan_hydrogen_epr,
author = "Li, J. and Kannan, S. and Lehman, R. L. and Sigel, G. H.",
title = "Electron paramagnetic resonance hyperfine spectrum of the Si E’ defect associated with weakly bonded hydrogen molecules in synthetic silica optical fibers",
journal = "Applied Physics Letters",
year = "1995",
volume = "66",
number = "21", 
pages = "2816-2818",
}

@inproceedings{h_gate2,
Author = {Nicollian, PE and Krishnan, AT and Bowen, C and Chakravarthi, S and
Chancellor, CA and Khamankar, RB},
Book-Group-Author = {{IEEE}},
Title = {{The roles of hydrogen and holes in trap generation and breakdown in
ultra-thin SiON dielectrics}},
Booktitle = {{IEEE International Electron Devices Meeting 2005, Techincal Digest}},
Series = {{International Electron Devices Meeting}},
Year = {{2005}},
Pages = {{403-406}},
Organization = {{IEEE; IEEE Elect Devices Soc}},
Publisher = {{IEEE}},
}

@article{nbti_schanovsky,
author = {Schanovsky, F. and G\"{o}s, W. and Grasser, T.},
title = {An advanced description of oxide traps in MOS transistors and its relation to DFT}, 
journal = {J. Comput. Electron.},
year = {2009},
volume = {9},
pages = {135-140},
}

@article{germanium_interface,
author = {Jang, J. H. and Wantae, L. and Phen, M. S. and Siebein, K. and Pearton, S. J. and Craciun ,V.},
journal = {Appl. Phys. Lett.},
year = {2009},
volume = {94},
pages = {202104},
}


@article{ge_oxide1,
author = {Lee, I. M. and Takoudis, C. G.},
journal = {J. Vac. Sci. Technol. A},
year = {1997},
volume = {15},
pages = {3154},
}

@article{tsetseris_oxide_h,
author = {Tsetseris, L. AND Zhou X. J. AND Fleetwood, D. M. AND Schrimpf, R. D. AND Pantelides, S. T.},
journal = {IEEE Trans. Device Mater. Rel.},
year = {2007},
volume = {7},
pages = {502-508},
}

@article{fleetwood_h_device,
author = {Pantelides, S. T. AND Tsetseris, L. AND Rashkeev, S. N. AND  Zhou, X. J. AND Fleetwood, D. M. AND Schrimpf, R. D.},
journal = {Microelectron. Reliab.},
year = {2007},
volume = {47},
pages = {903-911},
}

@article{ge_oxide2,
author = {Long, E. and Azarov, A. and Klow, F. and Galeckas, A. and Kuznetsov A. G. and Diplas, S.},
journal = {J. Appl. Phys.},
year = {2012},
volume = {111},
pages = {024308},
}

@article{ge_oxide3,
author = {Kilpatrick, S. J. and Jaccodine, R. J. and Thompson, P.E.},
journal = {J. Appl. Phys.},
year = {2003},
volume = {93},
pages = {4896},
}

@article{ge_processing,
author = {Paine, D. C. and Caragianis, C. and Schwartzman, A. F.},
journal = {J. Appl. Phys.},
year = {1991},
volume = {70},
pages = {5076},
}

@article{gec_experimental,
author = {Hayes, W. and Jenkin, T. J. L.},
journal = {J. Phys. C: Solid state phys.},
year = {1986},
volume = {19},
pages = {6211-6219},
}

@article{gec_hyperfine,
author = {Isoya, J. and Weil, J. A. and Claridge, R. F. C.},
journal = {J. Chem. Phys.},
year = {1978},
volume = {69},
pages = {4876},
}

@article{gec_hyperfine2,
author = {Griscom, D. L.},
journal = {Opt. Mater. Express},
year = {2011},
volume = {1},
pages = {400-412},
}

@article{gec_experimental,
author = {Hayes, W. and Jenkin, T. J. L.},
journal = {J. Phys. C: Solid State Phys.},
year = {1986},
volume = {19},
pages = {6211},
}

@article{total_structure_factor,
author = {Susman, S. and Volin, K. J. and Price, D. L. and Grimsditch, M. and Ringo, J. P. and Kalia, R. K. and Vashishta, P. and Gwanmesia, G. and Wang, Y. and Liebermann, R. C.},
journal = {Phys. Rev. B},
year = {1991},
volume = {43},
pages = {1194},
}

@article{charge_trap_flash,
author = {Chan, T. Y. and Young, K. K. and Hu, C.},
journal = {IEEE Elect. Dev. Lett.},
year = {1987},
volume = {8},
pages = {93-95},
}

@article{griscom_sth_review,
author = {Griscom, D. L.},
journal = {J. Non-Cryst. Solids},
year = {2006},
volume = {352},
pages = {2601},
}


@article{ge_basis_crystal,
author = {Ruiz, E. and Llunell, M. and Alemany, P.},
journal = {J. solid state chem.},
year = {2003},
volume = {176},
pages = {400-411},
}


@article{gec_pacchioni,
author = {Pacchioni, G. and Mazzeo, C.},
journal = {Phys. Rev. B},
year = {2000},
volume = {62},
pages = {5452},
}

@article{sth_pacchioni,
title = {Calculated spectral properties of self-trapped holes in pure and Ge-doped ${\mathrm{SiO}}_{2}$},
author = {Pacchioni, Gianfranco and Basile, Andrea},
journal = {Phys. Rev. B},
volume = {60},
issue = {14},
pages = {9990--9998},
year = {1999},
month = {Oct},
doi = {10.1103/PhysRevB.60.9990},
publisher = {American Physical Society}
}

@article{sth_pacchioni_2,
Author = {Sicolo, Sabrina and Palma, Giorgio and Di Valentin, Cristiana and
Pacchioni, Gianfranco},
Title = {{Structure and ESR properties of self-trapped holes in pure silica from
first-principles density functional calculations}},
Journal = {{Phys. Rev. B}},
pages={075121},
Year = {{2007}},
Volume = {{76}},
Number = {{7}},
Month = {{AUG}},
}


@article{electron_trap_sio2,
author = {Farnesi Camellone, M. and Reiner, J. C. and Sennhauser, U. and Schlapbach, L.},
journal = {Phys. Rev. B},
year = {2007},
volume = {76},
pages = {125205},
}

@article{uchino_ge,
author = {T. Uchino and M. Takahashi and T. Yoko},
title = {Mechanism of electron trapping in Ge-doped SiO[sub 2] glass},
publisher = {AIP},
year = {2001},
journal = {Applied Physics Letters},
volume = {79},
number = {3},
pages = {359-361},
}



@article{b3lyp1,
author = {Becke, A. D.},
journal = {J. Chem. Phys.},
year = {1993},
volume = {98},
pages = {5648},
}

@article{b3lyp2,
author = {Lee, C. and Yang, W. and Parr, R. G.},
journal = {Phys. Rev. B},
year = {1988},
volume = {37},
pages = {785},
}


@article{hse,
author = {Jochen Heyd and Gustavo E. Scuseria and Matthias Ernzerhof},
publisher = {AIP},
year = {2006},
journal = {J. Chem. Phys.},
volume = {124},
number = {21},
eid = {219906},
numpages = {1},
pages = {219906},
keywords = {potential energy functions},
doi = {10.1063/1.2204597}
}


@article{berendsen,
author = {Berendsen, H. J. C. and Postma, J. P. M. and van Gunsteren, W. F. and DiNola, A. and Haak, J. R.},
title  = {MD with coupling to an external bath},
journal = {J. Chem. Phys.},
year = {1984},
volume = {81},
pages = {3684},
}

@article{pople,
author = {Hehre, W. G. and Stewart, R. F. and Pople, J. A.},
journal = {J. Chem. Phys.},
year = {1970},
volume = {51},
pages = {2769},
}


@article{watanbe_sio2,
author = {Watanabe, T. and Tatsumura, K. and Ohdomari, I.},
title  = {SiO2/Si interface structure and its formation studied by large-scale molecular dynamics simulation},
journal = {Appl. Surf. Sci.},
year = {2004},
volume = {237},
pages = {125-133},
}

@article{comb,
author = {Shan, T. and Devine, B. D. and Hawkins, J. M. and Asthagiri, A. and Phillpot, S. R. and Sinnott, S. B.},
title  = {Second-generation charge-optimized many-body potential for Si/SiO2 and amorphous silica},
journal = {Phys. Rev. B},
year = {2010},
volume = {82},
pages = {235302},
}

@article{godet_hydrogen,
author={Godet, J. and Pasquarello, A.},
title={\emph{Ab initio} Study of Charged States of H in Amorphous SiO$_2$},
journal={Microelectronic Engineering},
year={2005},
volume={80},
pages={288--291},
}

@article{comb_hfo2,
author = {Shan, T. and Devine, B. D. and Kemper, T. W.  and Sinnott, S. B. and Phillpot, S. R.},
title  = {Charge-optimized many-body potential for Hf/HfO2},
journal = {Phys. Rev. B},
year = {2010},
volume = {81},
pages = {125328},
}

@article{asio2_1,
author = {Vollmayr, K. and Kob, W. and Binder, K. },
title  = {Cooling-rate effects in amorphous silica: A computer-simulation study},
journal = {Phys. Rev. B},
year = {1996},
volume = {54},
pages = {15808-15827},
}


@article{asio2_2,
author = {Roder, A. and Kob, W. and Binder, K. },
title  = {Structure and dynamics of amorphous silica surfaces},
journal = {J. Chem. Phys.},
year = {2001},
volume = {114},
pages = {7602-7614},
}

@article{asio2_3,
author = {Mukhopadhyay, S. and Sushko, P. V. and Stoneham, A. M. and Shluger, A. L.},
title  = {Modeling of the structure and properties of oxygen vacancies in amorphous silica},
journal = {Phys. Rev. B},
year = {2004},
volume = {70},
pages = {195203},
}

@article{asio2_density,
author = {Navrotsky, A. },
journal = {Diffus. Defect Data},
year = {1987},
volume = {53/54},
pages = {61},
}


@article{silica_structure2,
author = {Neuefeind, J. and Liss, K. D. and Bunsenges, B. },
journal = {J. Phys. Chem.},
year = {1996},
volume = {100},
pages = {1341},
}



@article{siosi_sisio2,
author = {Miyazaki, S. and Nishimura, H. and Fukuda, M. and Ley, L. and Ristein, J.},
journal = {Appl. Surf. Sci.},
year = {1997},
volume = {113/114},
pages = {585},
}





@article{yasukawa,
author = {Yasukawa, A.},
journal = {JSME It J.},
year = {1996},
volume = {39},
pages = {313},
}


@article{reaxff_sisio,
author = {van Duin, A. C. T. and Strachan, A. and Stewman, S. and Zhang, Q. and Xu, X. and Goddard, W.},
title  = {Reaxff for Si SiO systems},
journal = {J. Phys. Chem. A},
year = {2003},
volume = {107},
pages = {3803-3811},
}

@article{sisio2_thickness,
author = {Miyata, N and Watanabe, H and Ichikawa, M},
journal = {Phy. Rev. B},
year = {1998},
volume = {58},
pages = {13670},
}


@article{sisio2_amorphous,
author = {Akatsu, H and Sumi, Y and Iwabuchi, T and Kaneko, S and Ueno, T and Ohdomari, I},
journal = {J. Appl. Phys.},
year = {1992},
volume = {72},
pages = {1906},
}


@article{sisio2_xps,
author = {Diebold, A. C. and Venables, D. and Chabal, Y. and Muller, D. and Weldon, M. and Garfunkel, E.},
journal = {Mat. Sci. Semicon. Proc.},
year = {1999},
volume = {2},
pages = {103-147},
}


@article{cp2k_code,
author = {VandeVondele, J. and Krack, M. and Mohamed, F. and Parrinelo, M. and Chassaing, T. and Hutter, J.},
title  = {Quickstep: Fast and accurate DFT},
journal = {Comp. Phys. Comm.},
year = {2005},
volume = {167},
pages = {103},
}

@article{cp2k_gpw,
author = {Lippert, G. and Hutter, J. and Parrinello, M.},
title  = {Hybrid GPW DFT},
journal = {Mol. Phys.},
year = {1997},
volume = {92},
pages = {477-487},
}







@article{verlet_error,
author = {Litniewski, M.},
title  = {On MD algorithms},
journal = {Mol. Sim.},
year = {2003},
volume = {29},
pages = {223-229},
}

@article{embedded_cluster,
author = {Sulimov, V. B. and Sushko, P. V. and Edwards, A. H. and Shluger, A. L. and Stoneham, A. M.},
title  = {Embedded-cluster method},
journal = {Phys. Rev. B},
year = {2002},
volume = {66},
pages = {024108},
}


@article{embedded_cluster2,
author = {Sushko, P. V. and Shluger, A. L. and Catlow, C. R. A.},
journal = {Surf. Sci.},
year = {2000},
volume = {450},
pages = {153-170},
}


@article{sto,
author = {Slater, J. C.},
journal = {Phys. Rev.},
year = {1930},
volume = {36},
pages = {57-64},
}


@article{mysovsky_pov,
author = {Mysovsky, A. S. and Sushko, P. V. and Mukhopadhyay, S. and Edwards, A. H. and Shluger, A. L.},
title  = {Calibration of embedded cluster method for defect studies  in a sio2},
journal = {Phys. Rev. B},
year = {2004},
volume = {69},
pages = {085202},
}

@article{pbe_functional,
author = {Perdew, J. P. and Burke, K. and Ernzerhof, M.},
title  = {GGA made simple},
journal = {Phys. Rev. Lett.},
year = {1996},
volume = {77},
pages = {3865-3868},
}

@article{griscom,
author = {Griscom, D. L.},
title  = {Trapped electron centres in silica},
journal = {J. Non-Cryst. Solids},
year = {2011},
volume = {357},
pages = {1945-1962},
}

@article{griscom_hydrogen,
author = {Griscom, D. L.},
title  = {Diffusion of Radiolytic Molecular Hydrogen as a Mechanism for the Postirradiation Buildup of Interface States in SiO$_2$ on Si Structures},
journal = {J. Appl. Phys.},
year = {1985},
volume = {58},
pages = {2524--2533},
}

@ARTICLE{griscom_sth,
author={Griscom, D. L.},
title={Electron spin resonance characterization of self-trapped holes in amorphous silicon dioxide},
journal={J. Non-Cryst. Solids},
year={1992},
volume={149},
number={1-2},
pages={137-160},
document_type={Article},
source={Scopus},
}

@article{silica_surface,
Author = {Giordano, Livia and Sushko, Peter V. and Pacchioni, Gianfranco and
   Shluger, Alexander L.},
Title = {{Electron trapping at point defects on hydroxylated silica surfaces}},
Journal = {Phys. Rev. Lett.},
Year = {{2007}},
Volume = {{99}},
Number = {{13}},
pages={136801},
}

@article{gth_pp,
author = {Goedecker, S. and Teter, M. and Hutter, J.},
title  = {Separable dual-space gaussian pseudopotentials},
journal = {Phys. Rev. B},
year = {1996},
volume = {54},
pages = {1703-1710},
}


@article{6-311_o,
author = {Krishnan, R. and Binkley, J. S. and Seeger, R. and Pople, J. A.},
journal = {J. Chem. Phys.},
year = {1980},
volume = {72},
pages = {650},
}

@article{6-311_si,
author = {McLean, A. D. and Chandler, G. S.},
journal = {J. Chem. Phys.},
year = {1980},
volume = {72},
pages = {5639},
}

@article{eprime_hyperfine,
author = {Jani, M. G. and Bossoli, R. B. and Halliburton, L. E.},
journal = {Phys. Rev. B},
year = {1983},
volume = {27},
pages = {2285},
}


@article{dzv_basis,
author = {VandeVondele, J. and Hutter, J.},
journal ={J. Chem. Phys.},
year = {2007},
volume = {127},
Pages = {114105},
}

@article{bersuker,
author = {Bersuker, G. and Korkin, A. and Jeon, Y. and Huff, H.},
journal ={Appl. Phys. Lett.},
year = {2002},
volume = {80},
Pages = {832},
}


@article{silica_structure,
author = {Gerber, T. and Himmel, B.},
title  = {The structure of silica glass},
journal = {J. Non-Cryst. Solids},
year = {1985},
volume = {83},
pages = {324-334},
}

%Need Page numbers for si3oy_clusters,silicon clusters and  sinon_clusters
@article{si3oy_clusters,
author = {Wang, L. and Nicholas, J. B.},
title  = {Si3oy clusters: models for oxidation},
journal = {Phys. Rev. Lett.},
year = {1997},
volume = {78},
pages = {3803-3811},
}




@article{silicon_clusters,
author = {Chelikowsky, J. R. and Jing, X.},
title  = {Ab initio MD sim of Si clusters using higher-order finite-difference psuedopotential method},
journal = {Phys. Rev. B},
year = {1994},
volume = {50},
pages = {3803-3811},
}

@article{afanasev_prb,
title={Trapping of H$^+$ and Li$^+$ ions at the Si/SiO$_2$ interface},
author = {Afanas'ev, V. V. and Stesmans, A.},
journal = {Phys. Rev. B},
volume = {60},
year = {1999},
pages = {5506},
}

@article{afanasev_protonic1,
title={Proton trapping in SiO$_2$ layers thermally grown on Si and SiC},
author = {Afanas'ev, V. V. and Ciobanu, F. and Pensl, G. and Stesmans, A.},
journal = {Solid State Electron.},
volume = {46},
year = {2002},
pages = {1815},
}

@article{helms_bti,
title={The Silicon Silicon-Dioxide System - Its Microstructure and Imperfections},
author = {Helms, C. R. and Poindexter, E. H.},
journal = {Rep. Prog. Phys.},
year = {1994},
volume= {57},
pages = {791},
}

@article{sinon_clusters,
author = {Chelikowsky, J. R.},
title  = {Structural and electronic properties of neutral and charged silica-like clusters},
journal = {Phys. Rev. B},
year = {1998},
volume = {57},
pages = {3803-3811},
}

@article{lammps,
author = {Plimpton, S.},
title  = {Fast parallel algorithms for short-range md},
journal = {J. Comp. Phys.},
year = {1995},
volume = {117},
pages = {1-19},
}


@article{one_parameter,
author = {van Duin, A. C. T. and Baas, J. M. A. and van de Graaf, B.},
journal = {J. Chem. Soc., Faraday Trans.},
year = {1994},
volume = {90},
pages = {2881},
}


@article{reaxff_h2o,
author = {Fogarty, J. C. and Aktulga, H. M. and Grama, A. Y. and van Duin, A. C. T. and Pandit, S. A.},
title  = {Reactive MD sim of Sio2-water interface},
journal = {J. Chem. Phys.},
year = {2010},
volume = {132},
pages = {174704},
}

@article{gec_du,
title = "Electron, hole and exciton self-trapping in germanium doped silica glass from DFT calculations with self-interaction correction ",
journal = "Nucl. Instrum. Meth. B",
volume = "255",
number = "1",
pages = "188 - 194",
year = "2007",
doi = "http://dx.doi.org/10.1016/j.nimb.2006.11.066",
author = "Jincheng Du and L. René Corrales and Kiril Tsemekhman and Eric J. Bylaska",
keywords = "Germanium doped silica glass",
keywords = "Ultraviolet radiation effect",
keywords = "Self-trapped exciton",
keywords = "Electronic structure",
keywords = "Density functional theory",
keywords = "Hybrid functional "
}

@article{qeq_rappe,
author = {Rapp\'{e}, A. K. and Goddard, W. A.},
title  = {Charge equilibration for Molecular Dynamics Simulations},
journal = {J. Phys. Chem.},
year = {1991},
volume = {95},
pages = {3358-3363},
}

@article{li_moveaway,
author={Markes, M. E. and Halliburton, L. E.},
journal={J. Appl. Phys.},
volume={50},
pages={8172},
year={1979},
}

@article{interface_pes,
author = {Oh, J. H. and Yeom, H. W. and Hagimoto, Y. and Ono, K. and Oshima, M. },
title  = {Chemical structure of ultrathin},
journal = {Phys. Rev. B},
year = {2001},
volume = {63},
pages = {205310},
}


@article{verlet,
author = {Verlet, L.},
title  = {Computer "Experiments" on classical fluids},
journal = {Phys. Rev.},
year = {1967},
volume = {159},
pages = {98-103},
}

@article{hk_theorem,
author = {Hohenberg, P. and Kohn, W.},
title  = {Inhomogeneous electron gas},
journal = {Phys. Rev.},
year = {1964},
volume = {136},
pages = {B864},
}


@article{ks_equation,
author = {Kohn, W. and Sham, L. J.},
title  = {Self-consistent equations including exchange and correlation effects},
journal = {Phys. Rev.},
year = {1965},
volume = {140},
pages = {A1133-A1138},
}


@article{leakage_stathis,
author = {Stathis, J. H. and DiMaria, D. J.},
title  = {Reliability projection for ultra-thin oxides at low voltage},
journal = {IEDM},
year = {1998},
pages = {167-170},
}


@article{percolation_degraeve,
author = {Degraeve, R. and Groeseneken, G. and Bellens, R. and Depas, M. and Maes, H. E.},
title  = {A consistent model for the thickness dependence of intrinsic breakdown in ultra-thin oxides},
journal = {IEDM},
year = {1995},
pages = {863-866},
}

@article{nbti_review,
author = {Stathis, J. H. and Zafar S.},
title  = {The negative bias temperature instability in MOS devices: A review},
journal = {Microelectronics Reliabilty},
volume = {46},
year = {2005},
pages = {270-286},
}


@article{random_noise,
author = {Celik-Butler, Z. and Vasina, P. and Vibhavie Amarasinghe, N.},
title  = {A method for locating the position of oxide traps responsible for random telegraph signals in submicron MOSFETs },
journal = {IEEE Transactions on Electron Devices},
volume = {47},
year = {2000},
pages = {646-648},
}



@article{sisio2_pasquarello,
author = {Giustino, F. and Bongiorno, A. and Pasquarello, A.},
title  = {Atomistic models of the Si-SiO2 interface: Structural, electronic properties},
journal = {J. Phys.: Condens. Matter},
volume = {17},
year = {2005},
pages = {S2065-S2074},
}


@article{defect_density,
author = {Stesmans, A. and Afanas'ev, V. V.},
journal = {Journal of Physics: Condensed Matter},
volume = {10},
year = {1998},
pages = {L19},
}

@article{admm,
author = {Guidon, M. and Hutter, J. and VandeVondele, J.},
journal = {J. Chem. Theory Comput.},
volume = {8},
year = {2010},
pages = {2348-2364},
}

@article{tc_lrc,
author = {Guidon, M. and Hutter, J. and VandeVondele, J.},
journal = {J. Chem. Theory Comput.},
volume = {5},
year = {2009},
pages = {3013-3021},
}

@article{si_basis_crystal,
author = {Civalleri, B. and Ugliengo, P.},
journal = {J. Phys. Chem. B },
volume = {104},
year = {2000},
pages = {519-532},
}

@article{o_basis_crystal,
author = {Towler, M. D. and Allan, N. L. and Harrison, N. M. and Saunders, V. R. and Mackrodt, W. C. and Apra, E.},
journal = {Phys. Rev. B},
volume = {50},
year = {1994},
pages = {5041-5054},
}

@article{li_basis_6311gxx,
author = {Krishnan, R. AND Binkley, J. S. and Seeger, R. and Pople, J. A.},
journal = {J. Chem. Phys.},
volume = {72},
year = {1980},
pages = {650},
}

R. Krishnan, J.S. Binkley, R. Seeger and J.A. Pople,
!             J. Chem. Phys. 72, 650 (1980)

@article{scaling_tox,
author = {Iwai, H.},
title  = {Roadmap for 22nm and beyond},
journal = {Microelectronic Engineering},
year = {2009},
volume = {86},
pages = {1520-1528},
}

@article{mosfet_scaling,
author = {Critchlow, D. L.},
title  = {MOSFET Scaling - The Driver of VLSI Technology},
journal = {Proceedings of the IEEE},
year = {1999},
volume = {87},
issue = {4},
pages = {659-667},
}

@phdthesis{kawamoto_thesis,
author = {Kawamoto, A},
title  = {Atomic scale modeling of silicate interface properties for high-k gate dielectric applications},
school = {Stanford Universtity},
year   =  {2001}
}

@article{etrapping_1,
author = {Afanas'ev, V. V. and Stesmans, A.},
journal = {Phys. Rev. Lett.},
year = {1997},
volume = {78},
pages = {2437},
}

@article{etrapping_2,
author = {Afanas'ev, V. V. and Stesmans, A.},
journal = {Appl. Phys. Lett.},
year = {1997},
volume = {70},
pages = {1260},
}


@article{etrapping_3,
author = {Afanas'ev, V. V. and Stesmans, A.},
journal = {Microelectron. Eng.},
year = {1997},
volume = {36},
pages = {149},
}

@article{mp_qcorr,
author = {Makov, G. and Payne, M. C.},
journal = {Phys. Rev. B},
year = {1995},
volume = {51},
pages = {4014},
}

@article{etrapping_4,
author = {Afanas'ev, V. V. and Stesmans, A.},
journal = {J. Phys.: Condens. Matter},
year = {1997},
volume = {9},
pages = {L55},
}

@article{li_doped_quartz,
author = {Jani, M. G. and Halliburton, L. E. and Halperin, A.},
journal = {Phys. Rev. Lett.},
title={Observation of a Simple Lithium-A. ssociated Electron Trap in Crystalline SiO$_2$},
year = {1986},
volume = {56},
pages = {1392-1395},
}

@article{li_estructure,
author={Wilson, T. M. and Weil, J. A. and Rao, P. S.},
journal={Phys. Rev. B},
volume={34},
pages={6053-6055},
year={1986},
}



@article{lt_capacitance,
author = {V. V. Afanas'ev and A. Stesmans and M. Bassler and G. Pensl and M. J. Schulz},
collaboration = {},
title = {Shallow electron traps at the 4H--SiC/SiO[sub 2] interface},
publisher = {AIP},
year = {2000},
journal = {Appl. Phys. Lett.},
volume = {76},
number = {3},
pages = {336-338},
keywords = {silicon compounds; interface states; defect states; electron traps; MIS structures; semiconductor epitaxial layers; wide band gap semiconductors; semiconductor-insulator boundaries; capacitance; electric admittance; tunnelling spectra; electron mobility},
doi = {10.1063/1.125737}
}

@article{hall_measurement1,
author = {N. S. Saks and A. K. Agarwal},
collaboration = {},
title = {Hall mobility and free electron density at the SiC/SiO[sub 2] interface in 4H--SiC},
publisher = {AIP},
year = {2000},
journal = {Appl. Phys. Lett.},
volume = {77},
number = {20},
pages = {3281-3283},
keywords = {silicon compounds; wide band gap semiconductors; semiconductor-insulator boundaries; surface conductivity; interface states; electron traps; Hall mobility; electron density; inversion layers; MIS structures},
doi = {10.1063/1.1326046}
}

@article{hall_measurement2,
author = {N. S. Saks and S. S. Mani and A. K. Agarwal},
title = {Interface trap profile near the band edges at the 4H-SiC/SiO[sub 2] interface},
publisher = {AIP},
year = {2000},
journal = {Appl. Phys. Lett.},
volume = {76},
number = {16},
pages = {2250-2252},
keywords = {silicon compounds; wide band gap semiconductors; MOSFET; interface states; electron traps; energy gap; conduction bands},
doi = {10.1063/1.126311}
}

@article{N_interface1,
author = {V. V. Afanas'ev and A. Stesmans and F. Ciobanu and G. Pensl and K. Y. Cheong and S. Dimitrijev},
journal = {Appl. Phys. Lett.},
volume = {82},
number = {4},
pages = {568-570},
year = {2003},
keywords = {silicon compounds; wide band gap semiconductors; semiconductor-insulator boundaries; nitridation; electron traps; interface states; surface composition},
doi = {10.1063/1.1532103}
}

@article{N_interface2,
author={V. V. Afanas’ev and F. Ciobanu and S. Dimitrijev and G. Pensl and A. Stesmans},
journal={J. Phys.: Condens. Matt.},
volume={16},
number={17},
pages={S1839},
year={2004},
}

@article{asio2_hetrap1,
author = {E. H. Nicollian and C. N. Berglund and P. F. Schmidt and J. M. Andrews},
collaboration = {},
title = {Electrochemical Charging of Thermal SiO[sub 2] Films by Injected Electron Currents},
publisher = {AIP},
year = {1971},
journal = {J. Appl. Phys.},
volume = {42},
number = {13},
pages = {5654-5664},
doi = {10.1063/1.1659996}
}

@article{asio2_hetrap2,
author = {A. Hartstein and D. R. Young},
collaboration = {},
title = {Identification of electron traps in thermal silicon dioxide films},
publisher = {AIP},
year = {1981},
journal = {Appl. Phys. Lett.},
volume = {38},
number = {8},
pages = {631-633},
keywords = {FILMS; TRAPPED ELECTRONS; SILICON OXIDES; INFRARED RADIATION; ABSORPTION; DATA; REFLECTIVITY; WATER; DIFFUSION; ANNEALING; MATHEMATICAL MODELS; CROSS SECTIONS},
doi = {10.1063/1.92459}
}

@article{asio2_hetrap3,
author = {V. V. Afanas'ev and J. M. M. de Nijs and P. Balk and A. Stesmans},
collaboration = {},
title = {Degradation of the thermal oxide of the Si/SiO[sub 2]/Al system due to vacuum ultraviolet irradiation},
publisher = {AIP},
year = {1995},
journal = {J. Appl. Phys.},
volume = {78},
number = {11},
pages = {6481-6490},
keywords = {ALUMINIUM; DEGENERATION; ELECTRIC CONDUCTIVITY; EPR SPECTRA; MOS JUNCTIONS; POINT DEFECTS; RADIATION EFFECTS; SILICON OXIDES; SILICON; TRAPPING; ULTRAVIOLET RADIATION},
doi = {10.1063/1.360534}
}

@article{asio2_hetrap4,
author = {V. V. Afanas'ev and A. Stesmans},
collaboration = {},
title = {H-complexed oxygen vacancy in SiO[sub 2]: Energy level of a negatively charged state},
publisher = {AIP},
year = {1997},
journal = {Appl. Phys. Lett.},
volume = {71},
number = {26},
pages = {3844-3846},
keywords = {silicon compounds; impurity-vacancy interactions; electron traps; paramagnetic resonance; passivation; radiation effects; defect states},
doi = {10.1063/1.120521}
}

@article{bks_sio2,
title = {Force fields for silicas and aluminophosphates based on         \textit{ab initio}       calculations},
author = {van Beest, B. W. H. and Kramer, G. J. and van Santen, R. A.},
journal = {Phys. Rev. Lett.},
volume = {64},
issue = {16},
pages = {1955--1958},
year = {1990},
month = {Apr},
doi = {10.1103/PhysRevLett.64.1955},
publisher = {American Physical Society}
}

@article{qconfinement_seguini,
author = {G. Seguini and S. Schamm-Chardon and P. Pellegrino and M. Perego},
collaboration = {},
title = {The energy band alignment of Si nanocrystals in SiO[sub 2]},
publisher = {AIP},
year = {2011},
journal = {Appl. Phys. Lett.},
volume = {99},
number = {8},
eid = {082107},
pages = {082107},
keywords = {conduction bands; elemental semiconductors; nanostructured materials; photoionisation; photoluminescence; silicon; silicon compounds; valence bands},
doi = {10.1063/1.3629813}
}

@article{pintilie_etraps,
author = {I. Pintilie and C. M. Teodorescu and F. Moscatelli and R. Nipoti and A. Poggi and S. Solmi and L. S. L\o vlie and B. G. Svensson},
title = {Analysis of electron traps at the 4H--SiC/SiO[sub 2] interface; influence by nitrogen implantation prior to wet oxidation},
publisher = {AIP},
year = {2010},
journal = {J. Appl. Phys.},
volume = {108},
number = {2},
pages = {024503},
keywords = {dielectric hysteresis; dielectric relaxation; electron traps; interface states; ion implantation; MOS capacitors; nitrogen; silicon compounds; wide band gap semiconductors},
}

@article{komsa_corr,
title = {Finite-Size Supercell Correction for Charged Defects at Surfaces and Interfaces},
author = {Komsa, Hannu-Pekka and Pasquarello, Alfredo},
journal = {Phys. Rev. Lett.},
volume = {110},
issue = {9},
pages = {095505},
numpages = {5},
year = {2013},
month = {Feb},
doi = {10.1103/PhysRevLett.110.095505},
publisher = {American Physical Society}
}


@article{sic_sio2_offset,
author = {V. V. Afanas'ev and M. Bassler and G. Pensl and M. J. Schulz and E. Stein von Kamienski},
collaboration = {},
title = {Band offsets and electronic structure of SiC/SiO[sub 2] interfaces},
publisher = {AIP},
year = {1996},
journal = {J. Appl. Phys.},
volume = {79},
number = {6},
pages = {3108-3114},
keywords = {ELECTRIC CONDUCTIVITY; ELECTRONIC STRUCTURE; INTERFACE STATES; POLYTYPISM; SI JUNCTIONS; SILICON CARBIDES; SILICON OXIDES},
doi = {10.1063/1.361254}
}

@article{mw_zro2_1,
title = {Two-Dimensional Polaronic Behavior in the Binary Oxides $m\mathrm{\text{-}}{\mathrm{HfO}}_{2}$ and $m\mathrm{\text{-}}{\mathrm{ZrO}}_{2}$},
author = {McKenna, Keith P. and Wolf, Matthew J. and Shluger, Alexander L. and Lany, Stephan and Zunger, Alex},
journal = {Phys. Rev. Lett.},
volume = {108},
issue = {11},
pages = {116403},
numpages = {5},
year = {2012},
month = {Mar},
publisher = {American Physical Society}
}

@article{mw_zro2_2,
author = {Wolf, Matthew J. and McKenna, Keith P. and Shluger, Alexander L.},
title = {Hole Trapping at Surfaces of m-ZrO2 and m-HfO2 Nanocrystals},
journal = {J. Phys. Chem. C},
volume = {116},
number = {49},
pages = {25888-25897},
year = {2012},
}

@article{gavartin_dft,
Author = {Gavartin, J. L. and Sushko, P. V. and Shluger, A. L.},
Title = {{Modeling charge self-trapping in wide-gap dielectrics: Localizationi problem in local density functionals}},
Journal = {{Phys. Rev. B}},
Year = {{2003}},
Volume = {{67}},
pages={035108},
Number = {{3}},
Month = {{JAN 15}},
DOI = {{10.1103/PhysRevB.67.035108}},
Article-Number = {{035108}},
ISSN = {{1098-0121}},
ResearcherID-Numbers = {{Sushko, Peter/F-5171-2013}},
Unique-ID = {{ISI:000180943800036}},
}



@article{qconfinement_afanasev,
Author = {Afanas'ev, V. V. and Stesmans, A.}, 
Journal = {{Phys Rev. B}},
Year = {{1999}},
Volume = {{59}},
PAGES={2025-2034},
}

@article{griscom_review,
author={Griscom, D. L.},
journal={Physics Research International},
volume={2013},
year={2013},
}

@article{elsayed_etrap,
author={El-Sayed, A -M. and Watkins, M. B. and Shluger, A. L. and Afanas'ev V. V.},
journal = "Microelectron. Engineering",
volume = "109",
pages = "68 -71 ",
year = "2013",
}

@article{dft_exchange1,
author={St\"{a}dele, M. AND Moukara, M. and Majewski, J. A. and Vogl, P.},
journal = "Phys. Rev. B",
volume = "59",
pages = "10031 ",
year = "1999",
}


@article{dft_exchange2,
author={Becke, A. D.},
journal = "J. Chem. Phys. C",
volume = "98",
pages = "5648 ",
year = "1993",
}

@article{finite_size,
author={Komsa, H-P. and Rantala, T. T. and Pasquarello, A.},
journal = {Phys. Rev. B},
volume = {86},
pages = {045112},
year = {2012},
}

@article{lany_zunger,
author={Lany, S. AND Zunger, A.},
journal={Modelling Simul. Mater. Sci. Eng.},
volume={17},
pages={084002},
year={2009},
}

@article{mgo_proton,
author = {Ricci, Davide and Di Valentin, Cristiana and Pacchioni, Gianfranco and Sushko, Peter V. and Shluger, Alexander L. and Giamello, Elio},
journal = {J. Amer. Chem. Soc.},
volume = {125},
number = {3},
pages = {738-747},
year = {2003},
}

@article{neb1,
author = "Henkelman, Graeme and Uberuaga, Blas P. and Jónsson, Hannes",
journal = "J. Chem. Phys.",
year = "2000",
volume = "113",
number = "22", 
pages = "9901-9904",
}

@article{neb2,
journal = "Chem. Phys. Lett.",
volume = "139",
number = "5",
pages = "375 - 380",
year = "1987",
author = "R. Elber and M. Karplus"
}

@article{mom,
author= {Gilbert, A. T. B and Besley, N. A. and Gill, P. M. W.},
volume={112},
journal={J. Phys. Chem. A},
year={2008},
pages={13164-13171},
}

@article{li_diffusion,
author= {Sartbaeva, A. and Wells, S. A. and Redfern, S. A. T.},
volume={16},
journal={J. Phys.: Condens. Matter},
year={2004},
pages={8173-8189},
}

@article{aelsayed_prl,
author = {El-Sayed, Al-Moatasem and Watkins, Matthew B. and Grasser, T. and Afanas'ev, Valery V. and Shluger, Alexander L.},
journal = {Phys. Rev. Lett.},
year = {2015},
volume = {115},
pages= {115503},
}

@article{h_charged_mee,
author = {El-Sayed, Al-Moatasem and Watkins, Matthew B. and Grasser, T. and Afanas'ev, Valery V. and Shluger, Alexander L.},
journal = {Microelectron. Eng.},
year = {2015},
note = {\emph{Accepted}
}

@article{awazu,
author = {Awazu, K. and Kawazoe, H.},
title= {Strained Si--O--Si bonds in amorphous SiO2 materials: A family member of active centers in radio, photo, and chemical responses},
journal = {J. Appl. Phys.},
year = {2003},
volume = {94},
pages= {6243--6262},
}

@article{aelsayed_prb,
author = {El-Sayed, Al-Moatasem and Watkins, Matthew B. and Afanas'ev, Valery V. and Shluger, Alexander L.},
journal = {Phys. Rev. B},
volume = {89},
issue = {12},
pages = {125201},
numpages = {10},
year = {2014},
month = {Mar},
doi = {10.1103/PhysRevB.89.125201},
}

@article{rudra_eprime,
author={Rudra, Jayanta K. and Fowler, W. Beall},
journal={Phys.Rev.B},
volume={35},
issue={15},
pages={8223--8230},
numpages={0},
year={1987},
month={May},
publisher={AmericanPhysicalSociety},
doi={10.1103/PhysRevB.35.8223},
url={http://link.aps.org/doi/10.1103/PhysRevB.35.8223}
}

@article{sisio2_vb_offset,
author = "Afanas’ev, V. V. and Bassler, M. and Pensl, G. and Schulz, M. J. and Stein von Kamienski, E.",
title = "Band offsets and electronic structure of SiC/SiO2 interfaces",
journal = "J. App. Phys.",
year = "1996",
volume = "79",
number = "6", 
eid = ,
pages = "3108-3114",
url = "http://scitation.aip.org/content/aip/journal/jap/79/6/10.1063/1.361254",
doi = "http://dx.doi.org/10.1063/1.361254" 
}

@article{nbti_grasser1,
author="Grasser, T.",
journal="Microelectron. Rel.",
volume="52",
pages="39--70",
year="2012",
}

@article{nbti_grasser2,
author="Grasser, T. and Kaczer, B. and Goes, W. and Reisinger, H. and Aichinger, T. and Hehenberger, P. and Wagner, P -J. and Schanovsky, F. and Franco, J. and Luque, M. -L. and Nelhiebel, M.",
journal="IEEE Trans. Electron Dev.",
volume="58",
pages="3652--3666",
year="2011",
}

@article{pantelides_eprime,
journal = "J. Non-Cryst. Solids",
volume = "354",
number = "2–9",
pages = "217 - 223",
year = "2008",
note = "Physics of Non-Crystalline Solids 11 11th International Conference on the Physics of Non-Crystalline Solids ",
author = "S.T. Pantelides and Z.-Y. Lu and C. Nicklaw and T. Bakos and S.N. Rashkeev and D.M. Fleetwood and R.D. Schrimpf",
}

@article{sih_passivate, 
Author = {B. E. Deal},
Journal = {J. Electrochem. Soc.}, 
Year = {1974},
Volume = {121},
Pages = {198},
}

@article{sih_passivate2, 
Author = {Read, M. L. and Plummer, J. D.},
Journal = {J. Appl. Phys.}, 
Year = {1988},
Volume = {63},
Pages = {5776},
}


@article{tsetseris_h_source,
author = {Tsetseris, L. AND Zhou X. J. AND Fleetwood, D. M. AND Schrimpf, R. D. AND Pantelides, S. T.},
journal = {Appl. Phys. Lett.},
year = {2005},
volume = {86},
pages = {142103},
}

@article{houssa_h_source,
author = {Houssa, M. AND Afanas'ev, V. V. and Stesmans, A. and Aoulaiche, M. and Groeseneken, G. and Heyns, M. M.},
journal = {Appl. Phys. Lett.},
year = {2007},
volume = {90},
pages = {043505},
}

@article{edwards_h2,
author = {Edwards, A. H. and Pickard, J. A. and Stahlbrush, J. E.},
journal = {J. Non-cryst. Solids},
year = {1994},
volume = {179},
pages = {148--161},
}

@article{h2crack_li, 
Author = {Li, Z and Fonash, S. J. and Poindexter, E. H. and Harmatz, F. and Rong, F. and Buchwald W. R.},
Journal = {J. Non-Cryst. Solids},
Year = {1990},
Volume = {126},
Pages = {173},
}

@article{poindexter_hydrogenous,
journal = "J. Non-Cryst. Solids",
volume = "187",
pages = "257 -- 263",
year = "1995",
author = "Edward H. Poindexter",
}


@article{kurtz_h2,
author = {Kurtz, H. A. and Karna, S. P.},
journal = {J. Phys. Chem A},
year = {2000},
volume = {104},
pages = {4780--4784},
}

@article{h2crack_sidb_ts, 
Author = {Vitiello, M and Lopez, N and Illas, F and Pacchioni, G},
Title = {H-2 cracking at SiO2 defect centers},
Journal = {J. Phys. Cem. A},
Year = {2000},
Volume = {104},
Number = {20},
Pages = {4674-4684},
Month = {MAY 25},
}

@article{girard_sio2_review, 
Author = {Girard, S. AND Kuhnhenn, J. AND Gusarov, A. AND Brichard, B. and Van Uffelen, M. and Ouerdane, Y. and Boukenter, A. and Marcandella, C.},
Title = {Radiation Effects on Silica-Based Optical Fibers: Recent Advances and Future Challenges},
Journal = {IEEE Trans. Nucl. Sci.},
Year = {2013},
Volume = {60},
Number = {3},
Pages = {2015--2036},
}


@article{alkauskas_h,
title = "Alignment of hydrogen-related defect levels at the interface ",
journal = "Physica B: Condensed Matter ",
volume = "401--402",
number = "0",
pages = "546--549",
year = "2007",
note = "Proceedings of the 24th International Conference on Defects in Semiconductors ",
issn = "0921-4526",
doi = "http://dx.doi.org/10.1016/j.physb.2007.09.018",
url = "http://www.sciencedirect.com/science/article/pii/S0921452607007764",
author = "Audrius Alkauskas and Alfredo Pasquarello",
keywords = "Interface",
keywords = "Alignment",
keywords = "Defects",
keywords = "Hybrid density functionals "
}

@article{yokozawa_h,
title = {First-principles calculations for charged states of hydrogen atoms in SiO2},
author = {Yokozawa, Ayumi and Miyamoto, Yoshiyuki},
journal = {Phys. Rev. B},
volume = {55},
issue = {20},
pages = {13783--13788},
numpages = {0},
year = {1997},
month = {May},
publisher = {American Physical Society},
doi = {10.1103/PhysRevB.55.13783},
url = {http://link.aps.org/doi/10.1103/PhysRevB.55.13783}
}


% This file was created with JabRef 2.7b.
% Encoding: UTF-8

@STRING{AP = {Adv.Phys.}}

@STRING{APA = {Appl.Phys.A}}

@STRING{APL = {Appl.Phys.Lett.}}

@STRING{ASS = {Appl.Surf.Sci.}}

@STRING{CM = {Chemistry of Materials}}

@STRING{CMS = {Comput.Mat.Science}}

@STRING{ECST = {ECS Trans.}}

@STRING{ESREF = {Proc.ESREF}}

@STRING{ESSDERC = {Proc.ESSDERC}}

@STRING{IEDM = {Proc.IEDM}}

@STRING{IEEEEDL = {IEEE Elect.Dev.Let.}}

@STRING{IEEEPROC = {IEEE Proc.}}

@STRING{IEEETDMR = {IEEE Trans.Dev.Mater.Rel.}}

@STRING{IEEETED = {IEEE Trans.Elect.Dev.}}

@STRING{IEEETNS = {IEEE Trans.Nucl.Sci.}}

@STRING{IIRW = {Proc.IIRW}}

@STRING{invited = {(invited)}}

@STRING{IPFA = {Proc.IPFA}}

@STRING{IRPS = {Proc.IRPS}}

@STRING{IWCE = {Proc.IWCE}}

@STRING{JACS = {Journ. of the American Chemical Society}}

@STRING{JAP = {J.Appl.Phys.}}

@STRING{JCE = {Journ. of Computational Electronics}}

@STRING{JCTC = {Journ. of Chem. Theory \& Computation}}

@STRING{JECS = {J.Electrochem.Soc.}}

@STRING{JNCS = {J.Non-Cryst.Solids}}

@STRING{JPCM = {J.Phys.-Condens.Matter}}

@STRING{JPCS = {J.Phys.\&Chem.Sol.}}

@STRING{JVSTA = {J.Vac.Sci.\&Techn.A}}

@STRING{JVSTB = {J.Vac.Sci.\&Techn.B}}

@STRING{ME = {Microelectron.Eng.}}

@STRING{MR = {Microelectron.Reliab.}}

@STRING{NIMPR = {Nucl.Instr.\&Meth.Phys.Res}}

@STRING{NIMPRB = {Nucl.Instr.\&Meth.Phys.Res.Sect.B}}

@STRING{PB = {Phys.B}}

@STRING{PBCM = {Phys.B Condens.Matter}}

@STRING{PR = {Phys.Rev.}}

@STRING{PRB = {Phys.Rev.B}}

@STRING{PRL = {Phys.Rev.Lett.}}

@STRING{procieee = {(\textcolor{black}{\bf conditionally approved})}}

@STRING{PSS = {Phys.Solid State}}

@STRING{RMP = {Rev.Mod.Phys.}}

@STRING{SISPAD = {Proc.SISPAD}}

@STRING{SS = {Surf.Sci.}}

@STRING{SSE = {Sol.-St.Electr.}}

@STRING{SST = {Semicond.Sci.Technol.}}

@STRING{submitted = {(submitted)}}

@STRING{toappear = {(in print)}}

@STRING{toappearinvited = {(in print, invited)}}

@STRING{TSF = {Thin Solid Films}}

@INCOLLECTION{GHETTI04,
  author = {A.Ghetti},
  title = {{Gate Oxide Reliability: Physical and Computational Models}},
  booktitle = {Predictive Simulation of Semiconductor Processing: Status and Challenges},
  publisher = {Springer-Verlag},
  year = {2004},
  editor = {J.Dabrowski and E.R.Weber},
  pages = {201-258}
}

@ARTICLE{ACOVIC96,
  author = {A. Acovic and G. La Rosa and Y.C. Sun},
  title = {{A Review of Hot Carrier Degradation Mechanisms in MOSFETs}},
  journal = ME,
  year = {1996},
  volume = {36},
  pages = {845-869},
  number = {7/8}
}

@ARTICLE{AFANASEV02,
  author = {V.V. Afanas'ev and F. Ciobanu and G. Pensl and A. Stesmans},
  title = {{Proton Trapping in $\mathrm{SiO_2}$ Layers Thermally Grown on Si
	and SiC}},
  journal = SSE,
  year = {2002},
  volume = {46},
  pages = {1815-1823},
  number = {11}
}

@ARTICLE{AFANASEV95,
  author = {V.V. Afanas'ev and J.M.M. de Nijs and P. Balk and A. Stesmans},
  title = {{Degradation of the Thermal Oxide of the $\mathrm{Si/SiO_2/Al}$ System
	due to Vacuum Ultraviolet Irradiation}},
  journal = JAP,
  year = {1995},
  volume = {78},
  pages = {6481-6490},
  number = {11}
}

@ARTICLE{AFANASEV01B,
  author = {V.V. Afanas'ev and A. Stesmans},
  title = {{Proton Nature of Radiation-Induced Positive Charge in $\mathrm{SiO_2}$
	Layers on $\mathrm{Si}$}},
  journal = {EuroPhys.Lett.},
  year = {2001},
  volume = {53},
  pages = {233-239},
  number = {2}
}

@ARTICLE{AFANASEV00,
  author = {V.V. Afanas'ev and A. Stesmans},
  title = {{Charge State of Paramagnetic $E´$ Centre in Thermal $\mathrm{SiO_2}$
	Layers on Silicon}},
  journal = JPCM,
  year = {2000},
  volume = {12},
  pages = {2285-2290},
  number = {10}
}

@ARTICLE{AFANASEV01,
  author = {V.V. Afanas'ev and A. Stesmans},
  title = {{Leakage currents induced in ultrathin oxides on (100)Si by deep-UV
	photons}},
  journal = {Materials Science and Engineering B},
  year = {2000},
  volume = {71},
  pages = {56-61},
  number = {1-3}
}

@ARTICLE{AFANASEV98,
  author = {V.V. Afanas'ev and A. Stesmans},
  title = {{Positive Charging of Thermal $\mathrm{SiO_2/(100)Si}$ Interface
	by Hydrogen Annealing}},
  journal = APL,
  year = {1998},
  volume = {72},
  pages = {79-81},
  number = {1}
}

@ARTICLE{AFANASEV97,
  author = {V.V. Afanas'ev and A. Stesmans},
  title = {{H-complexed Oxygen Vacancy in $\mathrm{SiO_2}$: Energy Level of
	a Negatively Charged State}},
  journal = APL,
  year = {1997},
  volume = {71},
  pages = {3844-3846},
  number = {26}
}

@INPROCEEDINGS{AICHINGER08,
  author = {T. Aichinger and M. Nelhiebel and T. Grasser},
  title = {{On the temperature dependence of NBTI recovery}},
  booktitle = ESREF,
  year = {2008},
  pages = {1178-1184},
  note = {(Best Paper Award)}
}

@ARTICLE{AKIYAMA06,
  author = {T. Akiyama and K. Kawamoto and H. Kageshima and M. Uematsu and K.
	Nakamura and T. Ito},
  title = {{A First-Principles Study of $\mathrm{O_2}$ Incorporation and its
	Diffusion in Compressively Strained High-Density Silicon Oxides}},
  journal = TSF,
  year = {2006},
  volume = {508},
  pages = {311-314},
  number = {1-2}
}

@INPROCEEDINGS{ALAM05,
  author = {M.A. Alam},
  title = {{Negative Bias Temperature Instability: Basics/Modeling}},
  booktitle = IRPS,
  year = {2005},
  note = {(Tutorial)}
}

@INPROCEEDINGS{ALAM03,
  author = {M.A. Alam},
  title = {{A Critical Examination of the Mechanics of Dynamic NBTI for pMOSFETs}},
  booktitle = IEDM,
  year = {2003},
  pages = {345-348},
  journal = {Technical Digest}
}

@INPROCEEDINGS{ALAM05C,
  author = {M.A. Alam and H. Kufluoglu},
  title = {{On Quasi-Saturation of Negative Bias Temperature Degradation}},
  booktitle = ECS,
  year = {2005},
  pages = {139-145},
  owner = {goes},
  timestamp = {2011.10.31}
}

@ARTICLE{ALAM07,
  author = {M.A. Alam AND H. Kufluoglu AND D. Varghese AND S. Mahapatra},
  title = {{A Comprehensive Model for pMOS NBTI Degradation: Recent Progress}},
  journal = MR,
  year = {2007},
  volume = {47},
  pages = {853-862},
  number = {6}
}

@ARTICLE{ALAM05B,
  author = {M.A. Alam AND S. Mahapatra},
  title = {{A Comprehensive Model of pMOS NBTI Degradation}},
  journal = MR,
  year = {2005},
  volume = {45},
  pages = {71-81},
  number = {1}
}

@ARTICLE{ALKAUSKAS08,
  author = {A. Alkauskas and P. Broqvist and A. Pasquarello},
  title = {{Defect Energy Levels in Density Functional Calculations: Alignment
	and Band Gap Problem}},
  journal = PRL,
  year = {2008},
  volume = {101},
  pages = {046405},
  number = {4},
  numpages = {4}
}

@ARTICLE{ALKAUSKAS08B,
  author = {A. Alkauskas and P. Broqvist and A. Pasquarello},
  title = {{Charge State of the $\mathrm{O_2}$ Molecule during Silicon Oxidation
	through Hybrid Functional Calculations}},
  journal = PRB,
  year = {2008},
  volume = {78},
  pages = {161305},
  number = {16},
  numpages = {4}
}

@ARTICLE{ALKAUSKAS07,
  author = {A. Alkauskas and A. Pasquarello},
  title = {{Alignment of Hydrogen-Related Defect Levels at the $\mathrm{Si}-\mathrm{SiO_2}$
	Interface}},
  journal = PBCM,
  year = {2007},
  volume = {401},
  pages = {546--549}
}

@ARTICLE{ALKAUSKAS07B,
  author = {A. Alkauskas and A. Pasquarello},
  title = {{Effect of Improved Band-Gap Description in Density Functional Theory
	on Defect Energy Levels in $\alpha$-Quartz}},
  journal = PBCM,
  year = {2007},
  volume = {401},
  pages = {670-673}
}

@ARTICLE{ANDERSSON90,
  author = {M.O. Andersson and Z. Xiao and S. Norrman and O. Engstr\"om},
  title = {{Model Based on Trap-Assisted Tunneling for Two-Level Current Fluctuations
	in Submicrometer Metal-Silicon-Dioxide Diodes}},
  journal = PRB,
  year = {1990},
  volume = {41},
  pages = {9836-9842},
  number = {14},
  owner = {goes},
  timestamp = {2011.04.06}
}

@ARTICLE{ANG11,
  author = {D.S. Ang and Z.Q. Teo and T.J.J. Ho and C.M. Ng},
  title = {{Reassessing the Mechanisms of Negative-Bias Temperature Instability
	by Repetitive Stress/Relaxation Experiments}},
  journal = IEEETDMR,
  year = {2011},
  volume = {11},
  pages = {19-34},
  number = {1},
  owner = {goes},
  timestamp = {2013.07.18}
}

@ARTICLE{ANG05,
  author = {D.S. Ang AND S. Wang AND C.H. Ling},
  title = {{Evidence of Two Distinct Degradation Mechanisms from Temperature
	Dependence of Negative Bias Stressing of the Ultrathin Gate p-MOSFET}},
  journal = IEEEEDL,
  year = {2005},
  volume = {26},
  pages = {906-908},
  number = {12}
}

@ARTICLE{AOULAICHE07,
  author = {Aoulaiche, M. and Houssa, M. and Conard, T. and De Gendt, S. and
	Groeseneken, G. and Maes, H.E. and Heyns, M.M.},
  title = {{Postdeposition-Anneal Effect on Negative Bias Temperature Instability
	in $\mathrm{HfSiON}$ Gate Stacks}},
  journal = IEEETDMR,
  year = {2007},
  volume = {7},
  pages = {146-151},
  number = {1},
  numpages = {6}
}

@ARTICLE{ARKHIPOV82,
  author = {V.I. Arkhipov AND A.I. Rudenko},
  title = {{Drift and Diffusion in Materials with Traps}},
  journal = {Philos.Mag.B},
  year = {1982},
  volume = {45},
  pages = {189-207},
  number = {2}
}

@ARTICLE{ASENOV98,
  author = {A. Asenov},
  title = {{Random Dopant-Induced Threshold Voltage Lowering and Fluctuations
	in Sub-0.1 $\mathrm{\mu m}$ MOSFET's: A 3-D ``Atomistic'' Simulation
	Study}},
  journal = IEEETED,
  year = {1998},
  volume = {45},
  pages = {2505-2513},
  number = {12},
  owner = {goes},
  timestamp = {2011.10.28}
}

@ARTICLE{ASENOV03B,
  author = {A. Asenov AND R. Balasubramaniam AND A.R. Brown AND J.H. Davies},
  title = {{RTS Amplitudes in Decananometer MOSFETs: 3-D Simulation Study}},
  journal = IEEETED,
  year = {2003},
  volume = {50},
  pages = {839-845},
  number = {3}
}

@ARTICLE{ASENOV01,
  author = {A. Asenov and G. Slavcheva and A.R. Brown and J.H. Davies and S.
	Saini},
  title = {{Increase in the Random Dopant-Induced Threshold Fluctuations and
	Lowering in Sub-100 $\mathrm{nm}$ MOSFETs due to Quantum Effects:
	a 3-D Density-Gradient Simulation Study}},
  journal = IEEETED,
  year = {2001},
  volume = {48},
  pages = {722-729},
  number = {4},
  owner = {goes},
  timestamp = {2011.10.28}
}

@ARTICLE{AVELLAN03,
  author = {A. Avellan and D. Schroeder and W. Krautschneider},
  title = {{Modeling Random Telegraph Signals in the Gate Current of Metal-Oxide-Semiconductor
	Field Effect Transistors after Oxide Breakdown}},
  journal = JAP,
  year = {2003},
  volume = {94},
  pages = {703-708},
  number = {1},
  owner = {goes},
  timestamp = {2011.04.07}
}

@ARTICLE{BAIK04,
  author = {H.S. Baik and M.K. and G.-S. Park and S.A. Song and M.Varela and
	A. Franceschetti and S.T. Pantelides and S.J. Pennycook},
  title = {{Interface Structure and Non-Stoichiometry in $\mathrm{HfO_2}$ Dielectrics}},
  journal = APL,
  year = {2004},
  volume = {85},
  pages = {672-674},
  number = {4}
}

@ARTICLE{BAKOS04,
  author = {Bakos, T. and Rashkeev, S.N. and Pantelides, S.T.},
  title = {{$\mathrm{H_2O}$ and $\mathrm{O_2}$ Molecules in Amorphous $\mathrm{SiO_2}$:
	Defect Formation and Annihilation Mechanisms}},
  journal = PRB,
  year = {2004},
  volume = {69},
  pages = {195206},
  number = {19},
  numpages = {9}
}

@ARTICLE{BAKOS02,
  author = {Bakos, T. and Rashkeev, S.N. and Pantelides, S.T.},
  title = {{Reactions and Diffusion of Water and Oxygen Molecules in Amorphous
	$\mathrm{SiO_2}$}},
  journal = PRL,
  year = {2002},
  volume = {88},
  pages = {055508},
  number = {5},
  numpages = {4}
}

@ARTICLE{BARDEEN61,
  author = {J. Bardeen},
  title = {{Tunneling from a Many-Particle Point of View}},
  journal = PRL,
  year = {1961},
  volume = {6},
  pages = {57-59},
  number = {2},
  owner = {goes},
  timestamp = {2011.04.07}
}

@ARTICLE{BATYREV06,
  author = {I.G. Batyrev and M.P. Rodgers and D.M. Fleetwood and R.D. Schrimpf
	and S.T. Pantelides},
  title = {{Effects of Water on the Aging and Radiation Response of MOS Devices}},
  journal = IEEETNS,
  year = {2006},
  volume = {53},
  pages = {3629-3635},
  number = {6}
}

@ARTICLE{BATYREV08,
  author = {I.G. Batyrev and B. Tuttle and D.M. Fleetwood and R.D. Schrimpf and
	L. Tsetseris and S.T. Pantelides},
  title = {{Reactions of Water Molecules in Silica-Based Network Glasses}},
  journal = PRL,
  year = {2008},
  volume = {100},
  pages = {105503},
  number = {10},
  numpages = {4}
}

@MISC{BAUMGARTNER-SISPAD13,
  author = {O. Baumgartner and M. Bina and M. Toledano-Luque and W. Goes and
	F. Schanovsky and B. Kaczer and T. Grasser},
  title = {{Direct Tunneling and Gate Current Fluctuations}},
  howpublished = {accepted for SISPAD 2013},
  owner = {goes},
  timestamp = {2013.06.10}
}

@INPROCEEDINGS{BAUMGARTNER08,
  author = {Baumgartner, O. AND M. Karner, M. AND Kosina, H.},
  title = {{Modeling of High-K Metal Gate Stacks Using the Non-Equilibrium Green´s
	Function Formalism}},
  booktitle = SISPAD,
  year = {2008},
  owner = {wolfgang},
  timestamp = {2013.02.27}
}

@ARTICLE{BEEST90,
  author = {van Beest, B.W.H. and Kramer, G.J. and van Santen, R.A.},
  title = {{Force Fields for Silicas and Aluminophosphates Based on Ab Initio
	Calculations}},
  journal = PRL,
  year = {1990},
  volume = {64},
  pages = {1955-1958},
  number = {16},
  numpages = {3}
}

@ARTICLE{VANBENTHEM05,
  author = {K. van Benthem and A.R. Lupini and M. Kim and H.S. Baik and S.J.
	Doh and J.-H. Lee and M.P. Oxley and S.D. Findlay and L.J. Allen
	and J.T. Luck and S.J. Pennycook},
  title = {{Three-Dimensional Imaging of Individual Hafnium Atoms inside a Semiconductor
	Device}},
  journal = APL,
  year = {2005},
  volume = {87},
  pages = {034104},
  number = {3},
  eid = {034104},
  numpages = {3}
}

@ARTICLE{BILLETER06,
  author = {S.R. Billeter and A. Curioni and D. Fischer and W. Andreoni},
  title = {{Ab Initio Derived Augmented Tersoff Potential for Silicon Oxynitride
	Compounds and their Interfaces with Silicon}},
  journal = PRB,
  year = {2006},
  volume = {73},
  pages = {155329},
  number = {15},
  numpages = {15}
}

@INPROCEEDINGS{BINA12,
  author = {Bina, M. and Triebl, O. and Schwarz, B. and Karner, M. and Kaczer,
	B. and Grasser, T.},
  title = {{Simulation of Reliability on Nanoscale Devices}},
  booktitle = SISPAD,
  year = {2012},
  pages = {109-112},
  owner = {wolfgang},
  timestamp = {2013.04.25}
}

@ARTICLE{BLOECHL00,
  author = {Bl\"ochl, P.E.},
  title = {{First-Principles Calculations of Defects in Oxygen-Deficient Silica
	Exposed to Hydrogen}},
  journal = PRB,
  year = {2000},
  volume = {62},
  pages = {6158-6179},
  number = {10},
  numpages = {21}
}

@ARTICLE{BLOECHL94,
  author = {P.E. Bl\"ochl},
  title = {{Projector Augmented-Wave Method}},
  journal = PRB,
  year = {1994},
  volume = {50},
  pages = {17953-17979},
  number = {24},
  owner = {goes},
  timestamp = {2011.04.21}
}

@ARTICLE{BLOECHL99,
  author = {Bl\"ochl, P.E. and Stathis, J.H.},
  title = {{Hydrogen Electrochemistry and Stress-Induced Leakage Current in
	Silica}},
  journal = PRL,
  year = {1999},
  volume = {83},
  pages = {372-375},
  number = {2},
  numpages = {4}
}

@ARTICLE{BLOECHL99B,
  author = {Bl\"ochl, P.E. and Stathis, J.H.},
  title = {{Aspects of Defects in Silica Related to Dielectric Breakdown of
	Gate Oxides in MOSFETs}},
  journal = PB,
  year = {1999},
  volume = {273-274},
  pages = {1022-1026},
  numpages = {5}
}

@ARTICLE{BOERO97,
  author = {Boero, M. and Pasquarello, A. and Sarnthein, J. and Car, R.},
  title = {{Structure and Hyperfine Parameters of $\mathrm{E_1'}{}$ Centers
	in $\alpha{}$-Quartz and in Vitreous $\mathrm{SiO_2}$}},
  journal = PRL,
  year = {1997},
  volume = {78},
  pages = {887-890},
  number = {5},
  numpages = {3}
}

@ARTICLE{BONGIORNO04,
  author = {A. Bongiorno and A. Pasquarello},
  title = {{Atomistic Model Structure of the $\mathrm{Si(1 0 0)-SiO_2}$ Interface
	from a Synthesis of Experimental Data}},
  journal = ASS,
  year = {2004},
  volume = {234},
  pages = {190-196},
  number = {1-4}
}

@ARTICLE{BONGIORNO04B,
  author = {A. Bongiorno and A. Pasquarello},
  title = {{Multiscale Modeling of Oxygen Diffusion through the Oxide during
	Silicon Oxidation}},
  journal = PRB,
  year = {2004},
  volume = {70},
  pages = {195312},
  number = {19},
  numpages = {14}
}

@ARTICLE{BONGIORNO04C,
  author = {A. Bongiorno and A. Pasquarello},
  title = {{Reaction of the Oxygen Molecule at the $\mathrm{Si(100)-SiO_2}$
	Interface During Silicon Oxidation}},
  journal = PRL,
  year = {2004},
  volume = {93},
  pages = {086102},
  number = {8},
  numpages = {4}
}

@ARTICLE{BONGIORNO03B,
  author = {A. Bongiorno and A. Pasquarello},
  title = {{Atomistic Structure of the $\mathrm{Si(100)-SiO_2}$ Interface: A
	Synthesis of Experimental Data}},
  journal = APL,
  year = {2003},
  volume = {83},
  pages = {1417-1419},
  number = {7}
}

@ARTICLE{BONGIORNO02,
  author = {Bongiorno, A. and Pasquarello, A. },
  title = {{Energetics of Oxygen Species in Crystalline and Amorphous $\mathrm{SiO_2}$:
	a First-Principles Investigation}},
  journal = SSE,
  year = {2002},
  volume = {46},
  pages = {1873-1878},
  numpages = {6}
}

@ARTICLE{BONGIORNO02B,
  author = {A. Bongiorno and A. Pasquarello},
  title = {{Oxygen Diffusion through the Disordered Oxide Network during Silicon
	Oxidation}},
  journal = PRL,
  year = {2002},
  volume = {88},
  pages = {125901},
  number = {12},
  numpages = {4}
}

@ARTICLE{BONGIORNO00,
  author = {Bongiorno, A. and Pasquarello, A. },
  title = {{Validity of the Bond-Energy Picture for the Energetics at $\mathrm{Si-SiO_2}$
	Interfaces}},
  journal = PRB,
  year = {2000},
  volume = {62},
  pages = {R16326-R16329},
  number = {24},
  numpages = {3}
}

@ARTICLE{BONGIORNO06,
  author = {A. Bongiorno and A. Pasquarello and M.S. Hybertsen and L.C. Feldman},
  title = {{Ion Scattering Simulations of the $\mathrm{Si(100)-SiO_2}$ Interface}},
  journal = PRB,
  year = {2006},
  volume = {74},
  pages = {075316},
  number = {7},
  eid = {075316},
  numpages = {9}
}

@ARTICLE{BONGIORNO05,
  author = {A. Bongiorno and A. Pasquarello and M.S. Hybertsen and L.C. Feldman},
  title = {{Atomic-Scale Modelling of Kinetic Processes Occurring during Silicon
	Oxidation}},
  journal = JPCM,
  year = {2005},
  volume = {17},
  pages = {2051-2063},
  number = {21}
}

@ARTICLE{BONGIORNO03,
  author = {Bongiorno, A. and Pasquarello, A. and Hybertsen, M.S. and Feldman,
	L.C.},
  title = {{Transition Structure at the $\mathrm{Si(100)-SiO_2}$ Interface}},
  journal = PRL,
  year = {2003},
  volume = {90},
  pages = {186101},
  number = {18},
  numpages = {4}
}

@ARTICLE{BORMAN91,
  author = {Borman, V.D. and Gusev, E.P. and Lebedinskii, Y.Y. and Troyan, V.I.},
  title = {{Direct observation of the layer-by-layer growth of initial oxide
	layers on Si(100) surface during thermal oxidation}},
  journal = PRL,
  year = {1991},
  volume = {67},
  pages = {2387-2390},
  number = {17},
  numpages = {3}
}

@INPROCEEDINGS{BRAVAIX10,
  author = {A. Bravaix and V. Huard},
  title = {{Hot-Carrier Degradation Issues in Advanced CMOS Nodes}},
  booktitle = ESREF,
  year = {2010}
}

@ARTICLE{BROQVIST09,
  author = {P. Broqvist and A. Alkauskas and J. Godet and A. Pasquarello},
  title = {{First Principles Investigation of Defect Energy Levels at Semiconductor-Oxide
	Interfaces: Oxygen Vacancies and Hydrogen Interstitials in the $\mathrm{Si-SiO_2-HfO_2}$
	Stack}},
  journal = JAP,
  year = {2009},
  volume = {105},
  pages = {061603},
  number = {6},
  numpages = {5}
}

@ARTICLE{BROQVIST08,
  author = {P. Broqvist and A. Alkauskas and A. Pasquarello},
  title = {{Band Alignments and Defect Levels in $\mathrm{Si-HfO_2}$ Gate Stacks:
	Oxygen Vacancy and Fermi-Level Pinning}},
  journal = APL,
  year = {2008},
  volume = {92},
  pages = {132911},
  number = {13},
  numpages = {3}
}

@ARTICLE{BROQVIST07,
  author = {Broqvist, P. and Pasquarello, A.},
  title = {{First Principles Investigation of Defects at Interfaces between
	Silicon and Amorphous High-$\kappa$ Oxides}},
  journal = ME,
  year = {2007},
  volume = {84},
  pages = {2022-2027},
  number = {9-10},
  issn = {0167-9317}
}

@ARTICLE{BROQVIST07B,
  author = {Broqvist, P. and Pasquarello, A.},
  title = {{Band Gaps and Dielectric Constants of Amorphous Hafnium Silicates:
	A First-Principles Investigation}},
  journal = APL,
  year = {2007},
  volume = {90},
  pages = {082907},
  number = {8},
  numpages = {3}
}

@ARTICLE{BROQVIST06,
  author = {P. Broqvist and A. Pasquarello},
  title = {{Oxygen Vacancy in Monoclinic $\mathrm{HfO_2}$: A Consistent Interpretation
	of Trap Assisted Conduction, Direct Electron Injection, and Optical
	Absorption Experiments}},
  journal = APL,
  year = {2006},
  volume = {89},
  pages = {262904},
  number = {26},
  numpages = {3}
}

@ARTICLE{BROWER88,
  author = {K. L. Brower},
  title = {{Passivation of Paramagnetic $\mathrm{Si/SiO_2}$ Interface States
	with Molecular Hydrogen}},
  journal = APL,
  year = {1988},
  volume = {53},
  pages = {508-510},
  number = {6}
}

@ARTICLE{BUNSON00,
  author = {P.E. Bunson and M. Di Ventra and S.T. Pantelides and D.M. Fleetwood
	and R.D. Schrimpf},
  title = {{Hydrogen-Related Defects in Irradiated $\mathrm{SiO_2}$}},
  journal = IEEETNS,
  year = {2000},
  volume = {47},
  pages = {2289-2296},
  number = {6}
}

@ARTICLE{BUNSON99,
  author = {P.E. Bunson and M. Di Ventra and S.T. Pantelides and R.D. Schrimpf
	and K.F. Galloway},
  title = {{Ab Initio Calculations of $\mathrm{H^+}$ Energetics in $\mathrm{SiO_2}$:
	Implications for Transport}},
  journal = IEEETNS,
  year = {1999},
  volume = {46},
  pages = {1568-1573},
  number = {6}
}

@INPROCEEDINGS{CAMPBELL07,
  author = {J.P. Campbell AND P.M. Lenahan},
  title = {{Location, Structure, and Density of States of NBTI-Induced Defects
	in Plasma Nitrides PMOSFET}},
  booktitle = IRPS,
  year = {2007},
  pages = {503-510}
}

@INPROCEEDINGS{CAMPBELL07B,
  author = {J.P. Campbell AND P.M. Lenahan},
  title = {{Atomic-Scale Defects Involved in NBTI in Plasma-Nitrided PMOSFETS}},
  booktitle = IIRW,
  year = {2007},
  pages = {12-17}
}

@INPROCEEDINGS{CAMPBELL06,
  author = {J.P. Campbell AND P.M. Lenahan},
  title = {{NBTI: An Atomic-Scale Defect Persective}},
  booktitle = IRPS,
  year = {2006},
  pages = {442-447}
}

@INPROCEEDINGS{CAMPBELL09,
  author = {J.P. Campbell AND J. Qin AND K.P. Cheung AND L.C. Yu AND J.S. Suehle
	AND A. Oates AND K. Sheng},
  title = {{Random Telegraph Noise in Highly Scales nMOSFETs}},
  booktitle = IRPS,
  year = {2009},
  pages = {382-388}
}

@ARTICLE{CAMPBELL05,
  author = {J. P. Campbell and P. M. Lenahan and A. T. Krishnan and S. Krishnan},
  title = {{Direct Observation of the Structure of Defect Centers Involved in
	the Negative Bias Temperature Instability}},
  journal = APL,
  year = {2005},
  volume = {87},
  pages = {204106},
  number = {20},
  numpages = {3}
}

@ARTICLE{CAPRON07,
  author = {N. Capron and P. Broqvist and A. Pasquarello},
  title = {{Migration of Oxygen Vacancy in $\mathrm{HfO_2}$ and across the $\mathrm{HfO_2/SiO_2}$
	Interface: A First-Principles Investigation}},
  journal = APL,
  year = {2007},
  volume = {91},
  pages = {192905},
  number = {19},
  numpages = {3}
}

@ARTICLE{CARBONARO01,
  author = {Carbonaro, C.M. and Fiorentini, V. and Bernardini, F.},
  title = {{Proof of the Thermodynamical Stability of the $E'$ Center in $\mathrm{SiO_2}$}},
  journal = PRL,
  year = {2001},
  volume = {86},
  pages = {3064-3067},
  number = {14},
  numpages = {3}
}

@ARTICLE{CARTIER96,
  author = {E. Cartier AND J.H. Stathis},
  title = {{Hot-Electron Induced Passivation of Silicon Dangling Bonds at the
	$\mathrm{Si(111)/SiO_2}$ Interface}},
  journal = APL,
  year = {1996},
  volume = {69},
  pages = {103-105},
  number = {1}
}

@ARTICLE{CEROFOLINI00,
  author = {G.F. Cerofolini and A.P. Caricato and L. Meda and N. Re and A. Sgamellotti},
  title = {{Quantum-Mechanical Study of Nitrogen Bonding Configurations at the
	Nitrided $\mathrm{Si-SiO_2}$ Interface via Model Molecules}},
  journal = PRB,
  year = {2000},
  volume = {61},
  pages = {14157-14166},
  number = {20},
  numpages = {9}
}

@INPROCEEDINGS{CHAKRAVARTHI04,
  author = {S. Chakravarthi AND A.T. Krishnan AND V. Reddy AND C.F. Machala AND
	S. Krishnan},
  title = {{A Comprehensive Framework for Predictive Modeling of Negative Bias
	Temperature Instability}},
  booktitle = IRPS,
  year = {2004},
  pages = {273-282}
}

@INPROCEEDINGS{CHEN11,
  author = {Chia-Yu Chen and Qiushi Ran and Hyun-Jin Cho and Kerber, A. and Yang
	Liu and Ming-Ren Lin and Dutton, R.W.},
  title = {{Correlation of $I_\mathrm{d}$- and $I_\mathrm{g}$-Random Telegraph
	Noise to Positive Bias Temperature Instability in Scaled High-$\mathrm{\kappa}$/Metal
	Gate N-Type MOSFETs}},
  booktitle = IRPS,
  year = {2011},
  owner = {goes},
  timestamp = {2013.02.22}
}

@ARTICLE{CHEN09,
  author = {G. H. Chen and Z. F. Hou and X. G. Gong},
  title = {{Density Functional Calculations on Atomic and Electronic Structures
	of Amorphous $\mathrm{HfO_2/Si(001)}$ Interface}},
  journal = APL,
  year = {2009},
  volume = {95},
  pages = {102905},
  number = {10},
  numpages = {3}
}

@ARTICLE{CHO08,
  author = {E. Cho and B. Lee and C.-K. Lee and S. Han and S.H. Jeon and B.H.
	Park and Y.-S. Kim},
  title = {{Segregation of Oxygen Vacancy at Metal-$\mathrm{HfO_2}$ Interfaces}},
  journal = APL,
  year = {2008},
  volume = {92},
  pages = {233118},
  number = {23},
  numpages = {3}
}

@ARTICLE{CHRISTENSSON68,
  author = {S. Christensson and I. Lundstr{\"o}m and C. Svensson},
  title = {{Low Frequency Noise in MOS Transistors --- I Theory}},
  journal = SSE,
  year = {1968},
  volume = {11},
  pages = {797-812}
}

@ARTICLE{CONLEY95,
  author = {Conley and Lenahan},
  title = {{Electron Spin Resonance Evidence that $E_\gamma'$ Centers Can Behave
	as Switching Traps}},
  journal = IEEETNS,
  year = {1995},
  volume = {42},
  pages = {1744-1749},
  number = {6},
  owner = {goes},
  timestamp = {2011.08.19}
}

@ARTICLE{CONLEY95B,
  author = {J.F. {Conley Jr.} AND P.M. Lenahan AND A.J. Lelis AND T.R. Oldham},
  title = {{Electron Spin Resonance Evidence for the Structure of a Switching
	Oxide Trap: Long Term Structural Change at Silicon Dangling Bond
	Sites in $\mathrm{SiO_2}$}},
  journal = APL,
  year = {1995},
  volume = {67},
  pages = {2179-2181},
  number = {15}
}

@ARTICLE{CONLEY93,
  author = {J.F. Conley and P.M. Lenahan},
  title = {{Molecular Hydrogen, $\mathrm{E'}$ Center Hole Traps, and Radiation
	Induced Interface Traps in MOS Devices}},
  journal = IEEETNS,
  year = {1993},
  volume = {40},
  pages = {1335-1340},
  number = {6}
}

@ARTICLE{CONLEY93B,
  author = {J.F. Conley and P.M. Lenahan},
  title = {{Room Temperature Reactions Involving Silicon Dangling Bond Centers
	and Molecular Hydrogen in Amorphous $\mathrm{SiO_2}$ Thin Films on
	Silicon}},
  journal = APL,
  year = {1993},
  volume = {62},
  pages = {40-42},
  number = {1}
}

@ARTICLE{CONLEY92,
  author = {J.F. Conley and P.M. Lenahan},
  title = {{Room Temperature Reactions Involving Silicon Dangling Bond Centers
	and Molecular Hydrogen in Amorphous $\mathrm{SiO_2}$ Thin Films on
	Silicon}},
  journal = IEEETNS,
  year = {1992},
  volume = {39},
  pages = {2186-2191},
  number = {6}
}

@ARTICLE{COVA05,
  author = {P. Cova and S. Poulin and O. Grenier and R.A. Masut},
  title = {{A Method for the Analysis of Multiphase Bonding Structures in Amorphous
	$\mathrm{SiO_xN_y}$ Films}},
  journal = JAP,
  year = {2005},
  volume = {97},
  pages = {073518},
  number = {7},
  numpages = {10}
}

@BOOK{DATTA05,
  title = {{Quantum Transport --- Atom to Transistor}},
  publisher = {Cambridge University Press},
  year = {2005},
  author = {S. Datta},
  isbn = {ISBN-13 978-0-521-63145-7}
}

@ARTICLE{DEAL65,
  author = {B.E. Deal and A.S. Grove},
  title = {{General Relationship for the Thermal Oxidation of Silicon}},
  journal = JAP,
  year = {1965},
  volume = {36},
  pages = {3770-3778},
  number = {12}
}

@ARTICLE{DEAL67,
  author = {B.E. Deal AND M. Sklar AND A. S. Grove AND E. H. Snow},
  title = {{Characteristics of the Surface-State Charge (Qss) of Thermally Oxidized
	Silicon}},
  journal = JECS,
  year = {1967},
  volume = {114},
  pages = {266},
  number = {3}
}

@ARTICLE{DEMUTH99,
  author = {T. Demuth and Y. Jeanvoine and J. Hafner and J.G. $\mathrm{\acute{A}}$ngy$\mathrm{\acute{a}}$n},
  title = {{Polymorphism in Silica Studied in the Local Density and Generalized-Gradient
	Approximations}},
  journal = JPCM,
  year = {1999},
  volume = {11},
  pages = {3833-3874}
}

@INPROCEEDINGS{DENAIS06,
  author = {M. Denais AND A. Bravaix AND V. Huard AND C. Parthasarathy AND C.
	Guerin AND G. Ribes AND F. Perrier AND M. Mairy AND D. Roy },
  title = {{Paradigm Shift for NBTI Characterization in Ultra-Scaled CMOS Technologies}},
  booktitle = IRPS,
  year = {2006},
  pages = {735-736}
}

@INPROCEEDINGS{DENAIS04D,
  author = {M. Denais AND A. Bravaix AND V. Huard AND C. Parthasarathy AND G.
	Ribes AND F. Perrier AND Y. Rey-Tauriac AND N. Revil},
  title = {{On-the-fly Characterization of NBTI in Ultra-Thin Gate Oxide pMOSFET's}},
  booktitle = IEDM,
  year = {2004},
  pages = {109-112}
}

@ARTICLE{DENTENEER89,
  author = {P.J.H. Denteneer and C.G. Van de Walle and S.T. Pandelides},
  title = {{Microscopic Structure of the Hydrogen-Boron Complex in Crystalline
	Silicon}},
  journal = PRB,
  year = {1989},
  volume = {39},
  pages = {10809-10825},
  number = {1},
  owner = {goes},
  timestamp = {2011.05.05}
}

@ARTICLE{DIEBOLD99,
  author = {A.C. Diebold and D. Venables and Y. Chabal and D. Muller and M. Weldon
	and E. Garfunkel},
  title = {{Characterization and Production Metrology of Thin Transistor Gate
	Oxide Films}},
  journal = {Mat.Sci. in Semicond.Process.},
  year = {1999},
  volume = {2},
  pages = {103-147},
  note_own = {Materials Science in Semiconductor Processing}
}

@ARTICLE{DKHISSI08,
  author = {Dkhissi, A. and Est\`̀ve, A. and Mastail, C. and Olivier, S. and
	Mazaleyrat, G. and Jeloaica, L. and Djafari Rouhani, M.},
  title = {{Multiscale Modeling of the Atomic Layer Deposition of $\mathrm{HfO_2}$
	Thin Film Grown on Silicon: How to Deal with a Kinetic Monte Carlo
	Procedure}},
  journal = JCTC,
  year = {2008},
  volume = {4},
  pages = {1915-1927},
  number = {11}
}

@ARTICLE{DREINER04,
  author = {Dreiner, S. and Sch\"urmann, M. and Westphal, C. },
  title = {{Structural Analysis of the $\mathrm{SiO2/Si(100)}$ Interface by
	Means of Photoelectron Diffraction}},
  journal = PRL,
  year = {2004},
  volume = {93},
  pages = {126101},
  number = {12},
  numpages = {4}
}

@ARTICLE{VANDUIN03,
  author = {A.C.T. van Duin and A. Strachan and S. Stewman and Q. Zhang and X.
	Xu and W.A. Goddard},
  title = {{$\mathrm{ReaxFF_{SiO}}$ Reactive Force Field for Silicon and Silicon
	Oxide Systems}},
  journal = {J.Phys.Chem.A},
  year = {2003},
  volume = {170},
  pages = {3803-3811},
  number = {19}
}

@ARTICLE{VANDUIN01,
  author = {A.C.T. van Duin and A. Strachan and S. Stewman and Q. Zhang and X.
	Xu and W.A. Goddard},
  title = {{ReaxFF: A Reactive Force Field for Hydrocarbons}},
  journal = {J.Phys.Chem.A},
  year = {2001},
  volume = {105},
  pages = {9396-9409},
  number = {41}
}

@ARTICLE{DUTTA79,
  author = {P. Dutta AND P. Dimon AND P.M. Horn},
  title = {{Energy Scales for Noise Processes in Metalls}},
  journal = PRL,
  year = {1979},
  volume = {43},
  pages = {646-649},
  number = {9}
}

@ARTICLE{EDWARDS04,
  author = {Edwards, A.H. and Schultz, P.A. and Hjalmarson, H.P.},
  title = {{Spontaneous Ionization of Hydrogen Atoms at the $\mathrm{Si-SiO_2}$
	Interface}},
  journal = PRB,
  year = {2004},
  volume = {69},
  pages = {125318},
  number = {12},
  numpages = {7}
}

@ARTICLE{ESTEVE01,
  author = {A. Est\`eve and Y.J. Chabal and K. Raghavachari and M.K. Weldon and
	K.T. Queeney and M. Djafari Rouhani},
  title = {{Water-saturated Si(100)-(2 x 1): Kinetic Monte Carlo simulations
	of thermal oxygen incorporation}},
  journal = JAP,
  year = {2001},
  volume = {90},
  pages = {6000-6005},
  number = {12}
}

@ARTICLE{ESTEVE02,
  author = {A. Est\`eve and M. Djafari Rouhani and D. Est\`eve},
  title = {{Charge Transfer: a Key Issue in Silicon Thermal Oxidation Growth}},
  journal = CMS,
  year = {2002},
  volume = {24},
  pages = {241-245},
  number = {1-2}
}

@ARTICLE{ESTEVE99,
  author = {A. Est\`eve and M. Djafari Rouhani and D. Est\`eve},
  title = {{Modelling Methodology of Silicon Oxidation from Quantum Calculations
	to Monte Carlo Level}},
  journal = MR,
  year = {1999},
  volume = {39},
  pages = {275-278},
  number = {2}
}

@ARTICLE{ESTEVE99B,
  author = {A. Est\`eve and M. Djafari Rouhani and D. Est\`eve},
  title = {{(100) Silicon Oxidation: First Principle Investigation of Basic
	Mechanisms}},
  journal = JNCS,
  year = {1999},
  volume = {245},
  pages = {150-153},
  number = {1-3}
}

@ARTICLE{HOUSSA07,
  AUTHOR     = {M. Houssa AND V.V. Afanas'ev AND A. Stesmans AND M. Aoulaiche AND G. Groeseneken AND M.M. Heyns},
  TITLE      = {{Insights on the Physical Mechanism behind Negative Bias Temperature Instabilities}},
  JOURNAL    = APL,
  YEAR       = {2007},
  VOLUME     = {90},
  NUMBER     = {4},
  PAGES      = {043505}
}

@ARTICLE{FISCHER06,
  author = {D. Fischer and A. Curioni and S. Billeter and W. Andreoni},
  title = {{The Structure of the $\mathrm{SiO_2/Si(100)}$ Interface from a Restraint-Free
	Search Using Computer Simulations}},
  journal = APL,
  year = {2006},
  volume = {88},
  pages = {012101},
  number = {1},
  numpages = {3}
}

@ARTICLE{FISCHER04,
  author = {D. Fischer and A. Curioni and S. Billeter and W. Andreoni},
  title = {{Effects of Nitridation on the Characteristics of Silicon Dioxide:
	Dielectric and Structural Properties from ab initio Calculations}},
  journal = PRL,
  year = {2004},
  volume = {92},
  pages = {236405},
  number = {23},
  numpages = {4}
}

@ARTICLE{FLEETWOOD92,
  author = {D.M. Fleetwood},
  title = {{``Border Traps'' in MOS Devices}},
  journal = IEEETNS,
  year = {1992},
  volume = {39},
  pages = {269-271},
  number = {2}
}

@ARTICLE{FLEETWOOD07,
  author = {D.M. Fleetwood and M.P. Rodgers and L. Tsetseris and X.J. Zhou and
	I. Batyrev and S. Wang and R.D. Schrimpf and S.T. Pantelides},
  title = {{Effects of Device Aging on Microelectronics Radiation Response and
	Reliability}},
  journal = {Microelect.Reliab.},
  year = {2007},
  volume = {47},
  pages = {1075-1085},
  number = {7}
}

@ARTICLE{FLEETWOOD02,
  author = {D.M. Fleetwood and H.D. Xiong and Z.-Y. Lu and C.J. Nicklaw and J.A.
	Felix and R.D. Schrimpf and S.T. Pantelides},
  title = {{Unified Model of Hole Trapping, $1/f$ Noise, and Thermally Stimulated
	Current in MOS Devices}},
  journal = IEEETNS,
  year = {2002},
  volume = {49},
  pages = {2674-2683},
  number = {6}
}

@INPROCEEDINGS{FOWLER28,
  author = {R. H. Fowler and L. Nordheim},
  title = {{Electron Emission in Intense Electric Fields}},
  booktitle = {Proc. R. Soc. Lond. A},
  year = {1928},
  volume = {119},
  pages = {173-181},
  owner = {goes},
  timestamp = {2011.04.06}
}

@ARTICLE{FOWLER90,
  author = {W.B. Fowler AND J.K. Rudra AND M.E. Zvanut AND F.J. Feigl},
  title = {{Hysteresis and Franck-Condon Relaxation in Insulator-Semiconductor
	Tunneling}},
  journal = PRB,
  year = {1990},
  volume = {41},
  pages = {8313--8317},
  number = {12}
}

@ARTICLE{FREEMAN70,
  author = {L.B. Freeman and W.E. Dahlke},
  title = {{Theory of Tunneling into Interface States}},
  journal = SSE,
  year = {1970},
  volume = {13},
  pages = {1483-1503},
  number = {11},
  owner = {goes},
  timestamp = {2011.12.06}
}

@BOOK{FRENKEL,
  title = {{Understanding Molecular Simulation: From Algorithms to Applications}},
  publisher = {Academic Press},
  year = {1996},
  author = {D. Frenkel and B. Smit},
  owner = {goes},
  timestamp = {2011.04.18}
}

@ARTICLE{GANICHEV97,
  author = {S.D. Ganichev AND W. Prettl AND I.N. Yassievich},
  title = {{Deep Impurity-Center Ionization by Far-Infrared Radiation}},
  journal = PSS,
  year = {1997},
  volume = {39},
  pages = {1703-1726},
  number = {1}
}

@ARTICLE{GANICHEV02,
  author = {S.D. Ganichev and I.N. Yassievich and V.I. Perel and H. Ketterl and
	W. Prettl},
  title = {{Tunneling Ionization of Deep Centers in High-Frequency Electric
	Fields}},
  journal = PRB,
  year = {2002},
  volume = {65},
  pages = {085203},
  owner = {goes},
  timestamp = {2011.04.18}
}

@ARTICLE{GARETTO12,
  author = {Davide Garetto and Yoann Mamy Randriamihaja and Alban Zaka and Denis
	Rideau and Alexandre Schmid and Hervé Jaouen and Yusuf Leblebici},
  title = {{Analysis of Defect Capture Cross Sections using Non-Radiative Multiphonon-Assisted
	Trapping Model}},
  journal = SSE,
  year = {2012},
  volume = {71},
  pages = {74-79},
  owner = {wolfgang},
  timestamp = {2013.02.20}
}

@BOOK{GASIOROWICZ,
  title = {{Quantum Physics}},
  publisher = {John Wiley \& Sons},
  year = {1995},
  author = {S. Gasiorowicz}
}

@ARTICLE{GAVARTIN06,
  author = {J.L. Gavartin and D. {M\~{u}noz~Ramo} and A.L. Shluger and G. Bersuker
	and B.H. Lee},
  title = {{Negative Oxygen Vacancies in $\mathrm{HfO_2}$ as Charge Traps in
	High-$\kappa$ Stacks}},
  journal = APL,
  year = {2006},
  volume = {89},
  pages = {082908},
  number = {8},
  numpages = {3}
}

@ARTICLE{GAVARTIN07,
  author = {Gavartin, J.L. and Shluger, A.L.},
  title = {{Modeling $\mathrm{HfO_2/SiO_2/Si}$ Interface}},
  journal = ME,
  year = {2007},
  volume = {84},
  pages = {2412-2415},
  number = {9-10},
  issn = {0167-9317}
}

@ARTICLE{GAVARTIN05B,
  author = {J.L. Gavartin and A.L. Shluger and A.S. Foster and G.I. Bersuker},
  title = {{The Role of Nitrogen-Related Defects in High-K Dielectric Oxides:
	Density-Functional Studies}},
  journal = JAP,
  year = {2005},
  volume = {97},
  pages = {053704},
  number = {5},
  numpages = {13}
}

@ARTICLE{GAVARTIN05,
  author = {Gavartin, J. L. and Fonseca, L. and Bersuker, G. and Shluger, A.L.},
  title = {{Ab Initio Modeling of Structure and Defects at the $\mathrm{HfO_2/Si}$
	Interface}},
  journal = ME,
  year = {2005},
  volume = {80},
  pages = {412-415},
  number = {1},
  issn = {0167-9317}
}

@PHDTHESIS{GEHRING03,
  author = {A. Gehring},
  title = {{Simulation of Tunneling in Semiconductor Devices}},
  school = {Vienna University of Technology},
  year = {2003},
  type = {Ph.D.~Thesis}
}

@ARTICLE{GIACOMAZZI09,
  author = {L. Giacomazzi and P. Umari and A.Pasquarello},
  title = {{Medium-Range Structure of Vitreous $\mathrm{SiO_2}$ Obtained through
	First-Principles Investigation of Vibrational Spectra}},
  journal = PRB,
  year = {2009},
  volume = {79},
  pages = {064202},
  number = {6},
  numpages = {18}
}

@BOOK{GILLESPIE92,
  title = {{Markov Processes: An Introduction for Physical Scientists}},
  publisher = {Academic Press},
  year = {1992},
  author = {D.T. Gillespie},
  owner = {goes},
  timestamp = {2011.04.18}
}

@ARTICLE{GIORGI09,
  author = {G. Giorgi and L.R.C. Fonseca and A. Korkin and K. Yamashita},
  title = {{Impact of the Crystal Structure of $\mathrm{HfO_2}$ on the Transport
	Properties of Model $\mathrm{HfO_2/Si/HfO_2}$ Silicon-On-Insulator
	Field-Effect Transistors: A Combined DFT-Scattering Theory Approach}},
  journal = PRB,
  year = {2009},
  volume = {79},
  pages = {235308},
  number = {23},
  numpages = {9}
}

@ARTICLE{GIUSTINO05,
  author = {F. Giustino and A. Bongiorno and A. Pasquarello},
  title = {{Atomistic Models of the $\mathrm{Si(100)-SiO_2}$ Interface: Structural,
	Electronic and Dielectric Properties}},
  journal = JPCM,
  year = {2005},
  volume = {17},
  pages = {S2065-S2074},
  owner = {goes},
  timestamp = {2011.04.21}
}

@ARTICLE{GNAEDINGER70,
  author = {A.P. Gn\"adinger and H.E. Talley},
  title = {{Quantum Mechanical Calculation of the Carrier Distribution and the
	Thickness of the Inversion Layer of a MOS Field-Effect Transistor}},
  journal = SSE,
  year = {1970},
  volume = {13},
  pages = {1301-1309},
  number = {9},
  owner = {goes},
  timestamp = {2011.04.06}
}

@ARTICLE{GODET07,
  author = {J. Godet and P. Broqvist and A. Pasquarello},
  title = {{Hydrogen in $\mathrm{Si(100)-SiO_2-HfO_2}$ Gate Stacks: Relevant
	Charge States and their Location}},
  journal = APL,
  year = {2007},
  volume = {91},
  pages = {262901},
  number = {26},
  numpages = {3}
}

@ARTICLE{GODET07B,
  author = {J. Godet and F. Giustino and A. Pasquarello},
  title = {{Proton-Induced Fixed Positive Charge at the $\mathrm{Si(100)-SiO_2}$
	Interface}},
  journal = PRL,
  year = {2007},
  volume = {99},
  pages = {126102},
  number = {12},
  numpages = {4}
}

@ARTICLE{GODET07C,
  author = {J. Godet and A. Pasquarello},
  title = {{Protons at the $\mathrm{Si-SiO_2}$ Interface: a First Principle
	Investigation}},
  journal = ME,
  year = {2007},
  volume = {84},
  pages = {2035-2038},
  number = {9-10}
}

@ARTICLE{GODET06,
  author = {J. Godet and A. Pasquarello},
  title = {{Proton Diffusion Mechanism in Amorphous $\mathrm{SiO_2}$}},
  journal = PRL,
  year = {2006},
  volume = {97},
  pages = {155901},
  number = {15},
  numpages = {4}
}

@ARTICLE{GODET05,
  author = {J. Godet and A. Pasquarello},
  title = {{Ab Initio Study of Charged States of $\mathrm{H}$ in Amorphous $\mathrm{SiO_2}$}},
  journal = ME,
  year = {2005},
  volume = {80},
  pages = {288-291},
  issn = {0167-9317}
}

@INPROCEEDINGS{GOES07,
  author = {W. Goes and T. Grasser},
  title = {{First-Principles Investigation on Oxide Trapping}},
  booktitle = SISPAD,
  year = {2007},
  pages = {157-160}
}

@INPROCEEDINGS{GOES07B,
  author = {W. Goes and T. Grasser},
  title = {{Charging and Discharging of Oxide Defects in Reliability Issues}},
  booktitle = IIRW,
  year = {2007},
  pages = {27-32}
}

@INPROCEEDINGS{GOES09,
  author = {W. Goes and T. Grasser and M. Karner and B. Kaczer},
  title = {{A Model for Switching Traps in Amorphous Oxides}},
  booktitle = SISPAD,
  year = {2009},
  pages = {159-162}
}

@ARTICLE{GOES08,
  author = {W. Goes and M. Karner and V. Sverdlov and T. Grasser},
  title = {{Charging and Discharging of Oxide Defects in Reliability Issues}},
  journal = IEEETDMR,
  year = {2008},
  volume = {8},
  pages = {491-500},
  number = {3},
  numpages = {4}
}

@INPROCEEDINGS{GOES08B,
  author = {W. Goes and M. Karner and V. Sverdlov and T. Grasser},
  title = {{A Rigorous Model for Trapping and Detrapping in Thin Gate Dielectrics}},
  booktitle = IPFA,
  year = {2008},
  pages = {249-254}
}

@INPROCEEDINGS{GOES08C,
  author = {W. Goes and M. Karner and S. Tyaginov and Ph. Hehenberger and T.
	Grasser},
  title = {{Level Shifts and Gate Interfaces as Vital Ingredients in Modeling
	of Charge Trapping}},
  booktitle = SISPAD,
  year = {2008},
  pages = {69-72}
}

@INBOOK{GOES-BTIBOOK13,
  chapter = {{Advanced Modeling of Oxide Defects}},
  title = {{The Bias Temperature Instability: Experiment, Theory, and Modeling
	for Devices and Circuits }},
  publisher = {Springer-Verlag},
  year = {2013},
  editor = {T. Grasser},
  author = {W. Goes and F. Schanovsky and T. Grasser},
  owner = {goes},
  timestamp = {2013.06.11}
}

@INCOLLECTION{GOES-BOOK1,
  author = {W. Goes and F. Schanovsky and T. Grasser},
  title = {{Advanced Modeling of Oxide Defects}},
  booktitle = {{The Bias Temperature Instability: Experiment, Theory, and Modeling
	for Devices and Circuits}},
  publisher = {T. Grasser (Ed.), Springer-Verlag},
  year = {2013},
  owner = {goes},
  timestamp = {2013.06.13}
}

@ARTICLE{GOETZBERGER66,
  author = {A. Goetzberger AND H.E. Nigh},
  title = {{Surface Charge After Annealing of $\mathrm{Al}$-$\mathrm{SiO_2}$-$\mathrm{Si}$
	Structures Under Bias}},
  journal = IEEEPROC,
  year = {1966},
  volume = {54},
  pages = {1454-1454},
  number = {10}
}

@ARTICLE{GOGUENHEIM90,
  author = {D. Goguenheim and M. Lannoo},
  title = {{Theoretical and Experimental Aspects of the Thermal Dependence of
	Electron Capture Coefficients}},
  journal = JAP,
  year = {1990},
  volume = {68},
  pages = {1059-1069},
  number = {3},
  owner = {goes},
  timestamp = {2011.04.19}
}

@ARTICLE{GOSSET99,
  author = {L.G. Gosset and J.J. Ganem and H.J. von Bardeleben and S. Rigo and
	I. Trimaille and J.L. Cantin and T. Akermark and I.C. Vickridge},
  title = {{Formation of Modified $\mathrm{Si/SiO_2}$ Interfaces with Intrinsic
	Low Defect Concentrations}},
  journal = JAP,
  year = {1999},
  volume = {85},
  pages = {3661-3665},
  number = {7}
}

@ARTICLE{GOTTLIEB06,
  author = {A.D. Gottlieb and L. Wesoloski},
  title = {{Bardeen's Tunnelling Theory as Applied to Scanning Tunnelling Microscopy:
	A Technical Guide to the Traditional Interpretation}},
  journal = {Nanotechnology},
  year = {2006},
  volume = {17},
  pages = {R57-R65},
  number = {8},
  owner = {goes},
  timestamp = {2011.04.07}
}

@ARTICLE{GRASSER-MR12,
  author = {T. Grasser},
  title = {{Stochastic Charge Trapping in Oxides: From Random Telegraph Noise
	to Bias Temperature Instabilities}},
  journal = MR,
  year = {2012},
  volume = {52},
  pages = {39-70},
  number = {1},
  owner = {goes},
  timestamp = {2013.04.25}
}

@INPROCEEDINGS{GRASSER-IRPS08,
  author = {T. Grasser},
  title = {{Negative Bias Temperature Instability: Modeling Challenges and Perspectives}},
  booktitle = IRPS,
  year = {2008},
  note = {(Tutorial)}
}

@INPROCEEDINGS{GRASSER-IRPS11,
  author = {T. Grasser and T. Aichinger and G. Pobegen and H. Reisinger and P.J.
	Wagner and J. Franco and M. Nelhiebel and B. Kaczer},
  title = {{The `Permanent' Component of NBTI: Composition and Annealing}},
  booktitle = IRPS,
  year = {2011},
  pages = {6A.2.1-6A.2.9},
  owner = {goes},
  timestamp = {2013.07.18}
}

@INCOLLECTION{GRASSER-DMMD08,
  author = {T. Grasser AND W. Goes AND B. Kaczer},
  title = {{Towards Engineering Modeling of Negative Bias Temperature Instability}},
  booktitle = {Defects in Microelectronic Materials and Devices},
  publisher = {Taylor and Francis/CRC Press},
  year = {2008},
  editor = {D. Fleetwood AND R. Schrimpf AND S. Pantelides},
  pages = {1-30}
}

@ARTICLE{GRASSER-ECS09,
  author = {T. Grasser and W. Goes and B. Kaczer},
  title = {{Critical Modeling Issues in Negative Bias Temperature Instability}},
  journal = ECST,
  year = {2009},
  volume = {19},
  pages = {265-287},
  number = {2}
}

@INPROCEEDINGS{GRASSER-SISPAD08,
  author = {T. Grasser AND W. Goes AND B. Kaczer},
  title = {{Modeling Bias Temperature Instability During Stress and Recovery}},
  booktitle = SISPAD,
  year = {2008},
  pages = {65-68}
}

@ARTICLE{GRASSER-TDMR08,
  author = {T. Grasser AND W. Goes AND B. Kaczer},
  title = {{Dispersive Transport and Negative Bias Temperature Instability:
	Boundary Conditions, Initial Conditions, and Transport Models}},
  journal = IEEETDMR,
  year = {2008},
  volume = {8},
  pages = {79-97},
  number = {1}
}

@INPROCEEDINGS{GRASSER-IRW06,
  author = {T. Grasser AND W. Goes AND B. Kaczer},
  title = {{Modeling of Dispersive Transport in the Context of Negative Bias
	Temperature Instability}},
  booktitle = IIRW,
  year = {2006},
  pages = {5-10}
}

@INPROCEEDINGS{GRASSER-IRPS07,
  author = {T. Grasser AND W. Goes AND V. Sverdlov AND B. Kaczer},
  title = {{The Universality of NBTI Relaxation and its Implications for Modeling
	and Characterization}},
  booktitle = IRPS,
  year = {2007},
  pages = {268-280}
}

@ARTICLE{GRASSER-TED09,
  author = {T. Grasser AND B. Kaczer},
  title = {{Evidence that Two Tightly Coupled Mechanism are Responsible for
	Negative Bias Temperature Instability in Oxynitride MOSFETs}},
  journal = IEEETED,
  year = {2009},
  volume = {56},
  pages = {1056-1062},
  number = {5}
}

@INPROCEEDINGS{GRASSER-ESSDERC07,
  author = {T. Grasser AND B. Kaczer},
  title = {{Negative Bias Temperature Instability: Recoverable versus Permanent
	Degradation}},
  booktitle = ESSDERC,
  year = {2007},
  pages = {127-130}
}

@INPROCEEDINGS{GRASSER-IEDM10,
  author = {T. Grasser AND B. Kaczer AND W. \Goes AND H. Reisinger AND Th. Aichinger
	AND Ph. Hehenberger AND P.-J. Wagner AND F. Schanovsky AND J. Franco
	AND Ph. Roussel AND M. Nelhiebel},
  title = {{Recent Advances in Understanding the Bias Temperature Instability}},
  booktitle = IEDM,
  year = {2010},
  pages = {82-85},
  note = invited
}

@INPROCEEDINGS{GRASSER-IRW08,
  author = {T. Grasser AND B. Kaczer AND Th. Aichinger AND W. Goes AND Michael
	Nelhiebel},
  title = {{Defect Creation Stimulated by Thermally Activated Hole Trapping
	as the Driving Force Behind Negative Bias Temperature Instability
	in $\mathrm{SiO_2}$, $\mathrm{SiON}$, and High-k Gate Stacks}},
  booktitle = IIRW,
  year = {2008},
  pages = {91-95}
}

@INPROCEEDINGS{GRASSER-IRPS08B,
  author = {T. Grasser AND B. Kaczer AND W. Goes},
  title = {{An Energy-Level Perspective of Bias Temperature Instability}},
  booktitle = IRPS,
  year = {2008},
  pages = {28-38}
}

@INPROCEEDINGS{GRASSER-IRPS09,
  author = {T. Grasser AND B. Kaczer AND W. Goes AND Th. Aichinger AND Ph. Hehenberger
	AND M. Nelhiebel},
  title = {{A Two-Stage Model for Negative Bias Temperature Instability}},
  booktitle = IRPS,
  year = {2009},
  pages = {33-44}
}

@ARTICLE{GRASSER-ME09,
  author = {T. Grasser and B. Kaczer and W. Goes and Th. Aichinger and P. Hehenberger
	and M. Nelhiebel},
  title = {{Understanding Negative Bias Temperature Instability in the Context
	of Hole Trapping (Invited Paper)}},
  journal = ME,
  year = {2009},
  volume = {86},
  pages = {1876-1882},
  number = {7-9}
}

@ARTICLE{GRASSER-TED11,
  author = {T. Grasser and B. Kaczer and W. Goes and H. Reisinger and T. Aichinger
	and P. Hehenberger and P.J. Wagner and F. Schanovsky and J. Franco
	and M.T. Luque and M. Nelhiebel},
  title = {{The Paradigm Shift in Understanding the Bias Temperature Instability:
	From Reaction-Diffusion to Switching Oxide Traps}},
  journal = IEEETED,
  year = {2011},
  volume = {58},
  pages = {3652-3666},
  number = {11},
  owner = {goes},
  timestamp = {2013.07.18}
}

@INPROCEEDINGS{GRASSER-IEDM07,
  author = {T. Grasser AND B. Kaczer AND Ph. Hehenberger AND W. Goes AND R. O'Connor
	AND H. Reisinger AND W. Gustin AND C. Schl{\"u}nder},
  title = {{Simultaneous Extraction of Recoverable and Permanent Components
	Contributing to Bias-Temperature Instability}},
  booktitle = IEDM,
  year = {2007},
  pages = {801-804}
}

@INPROCEEDINGS{GRASSER-IRPS12,
  author = {T. Grasser and B. Kaczer and H. Reisinger and P.-J. Wagner and M.
	Toledano-Luque},
  title = {{On the Frequency Dependence of the Bias Temperature Instability}},
  booktitle = IRPS,
  year = {2012},
  pages = {XT.8.1-XT.8.7},
  owner = {wolfgang},
  timestamp = {2013.07.11}
}

@INPROCEEDINGS{GRASSER-IEDM09,
  author = {T. Grasser AND H. Reisinger AND W. Goes AND Th. Aichinger AND Ph.
	Hehenberger AND P.J. Wagner AND M. Nelhiebel AND J. Franco AND B.
	Kaczer},
  title = {{Switching Oxide Traps as the Missing Link between Negative Bias
	Temperature Instability and Random Telegraph Noise}},
  booktitle = IEDM,
  year = {2009}
}

@INPROCEEDINGS{GRASSER-IEDM12,
  author = {T. Grasser AND H. Reisinger AND K. Rott AND M. Toledano-Luque AND
	B. Kaczer},
  title = {{On the Microscopic Origin of the Frequency Dependence of Hole Trapping
	in pMOSFETs}},
  booktitle = IEDM,
  year = {2012},
  pages = {19.6.1-19.6.4},
  owner = {goes},
  timestamp = {2013.02.22}
}

@INPROCEEDINGS{GRASSER-IEDM13,
  author = {T. Grasser and K. Rott and H. Reisinger and M. Waltl and P. Wagner and F. Schanovsky and W. Goes and G. Pobegen and B. Kaczer},
  title = {{Hydrogen-related volatile defects as the possible cause for the recoverable component of NBTI}},
  booktitle = IEDM,
  year = {2013},
  pages = {15.5.1-15.5.4},
}



@ARTICLE{GRASSER-PRB10,
  author = {T. Grasser AND H. Reisinger AND P.-J. Wagner AND B. Kaczer},
  title = {{The Time Dependent Defect Spectroscopy for the Characterization
	of Border Traps in Metal-Oxide-Semiconductor Transistors}},
  journal = PRB,
  year = {2010},
  volume = {82},
  pages = {245318},
  number = {24}
}

@INPROCEEDINGS{GRASSER-IRPS10,
  author = {T. Grasser and H. Reisinger and P.-J. Wagner and F. Schanovsky and
	W. Goes and B. Kaczer},
  title = {{The Time Dependent Defect Spectroscopy (TDDS) for the Characterization
	of the Bias Temperature Instability}},
  booktitle = IRPS,
  year = {2010},
  pages = {16 -25}
}

@INPROCEEDINGS{GRASSER-IRPS13,
  author = {T. Grasser and K. Rott and H. Reisinger and P.-J. Wagner and W. Goes
	and F. Schanovsky and M. Waltl and M. Toledano-Luque and B. Kaczer},
  title = {{Advanced Characterization of Oxide Traps: The Dynamic Time-Dependent
	Defect Spectroscopy}},
  booktitle = IRPS,
  year = {2013},
  pages = {2D.2.1-2D.2.7},
  owner = {wolfgang},
  timestamp = {2013.06.12}
}

@ARTICLE{GRASSER-TDMR08B,
  author = {T. Grasser AND P.-J. Wagner AND Ph. Hehenberger AND W. Goes AND B.
	Kaczer},
  title = {{A Rigorous Study of Measurement Techniques for Negative Bias Temperature
	Instability}},
  journal = IEEETDMR,
  year = {2008},
  volume = {8},
  pages = {526 - 535},
  number = {3}
}

@INPROCEEDINGS{GRASSER-IRW07,
  author = {T. Grasser AND P.-J. Wagner AND Ph. Hehenberger AND W. Goes AND B.
	Kaczer},
  title = {{A Rigorous Study of Measurement Techniques for Negative Bias Temperature
	Instability}},
  booktitle = IIRW,
  year = {2007},
  pages = {6-11}
}

@ARTICLE{GUNDLACH66,
  author = {K. H. Gundlach},
  title = {{Zur Berechnung des Tunnelstroms durch eine trapezf \"ormige Potentialstufe}},
  journal = SSE,
  year = {1966},
  volume = {9},
  pages = {949-957},
  owner = {goes},
  timestamp = {2011.04.06}
}

@ARTICLE{HEMERYCK09,
  author = {A. H\`emeryck and A. Est\`eve and N. Richard and M. Djafari Rouhani
	and G. Landa},
  title = {{A Kinetic Monte Carlo Study of the Initial Stage of Silicon Oxidation:
	Basic Mechanisms-Induced Partial Ordering of the Oxide Interfacial
	Layer}},
  journal = SS,
  year = {2009},
  volume = {603},
  pages = {2132-2137},
  number = {13}
}

@ARTICLE{HA07,
  author = {J.-H. Ha and P.C. McIntyre and K.(KJ) Cho},
  title = {{First Principles Study of the $\mathrm{HfO_2}/\mathrm{SiO_2}$ Interface:
	Application to High-K Gate Structures}},
  journal = JAP,
  year = {2007},
  volume = {101},
  pages = {033706},
  number = {3},
  numpages = {6}
}

@INPROCEEDINGS{HAGGAG01,
  author = {A. Haggag AND W. McMahon AND K. Hess AND K. Cheng AND J. Lee AND
	J. Lyding},
  title = {{High-Performance Chip Reliability from Short-Time-Tests}},
  booktitle = IRPS,
  year = {2001},
  pages = {271-279}
}

@ARTICLE{HAMANN98,
  author = {D.R. Hamann},
  title = {{Diffusion of Atomic Oxygen in $\mathrm{SiO_2}$}},
  journal = PRL,
  year = {1998},
  volume = {81},
  pages = {3447-3450},
  number = {16},
  numpages = {3}
}

@ARTICLE{HASEGAWA01,
  author = {S. Hasegawa and S. Sakamori and M. Futatsudera and T. Inokuma and
	Y. Kurata},
  title = {{Structure of Defects in Silicon Oxynitride Films}},
  journal = JAP,
  year = {2001},
  volume = {89},
  pages = {2598-2605},
  number = {5}
}

@ARTICLE{HEH06,
  author = {D. Heh AND R. Choi AND C.D. Young AND B.H. Lee AND G. Bersuker},
  title = {{A Novel Bias Temperature Instability Characterization Methodology
	for High-$k$ nMOSFETs}},
  journal = IEEEEDL,
  year = {2006},
  volume = {27},
  pages = {849-851},
  number = {10}
}

@INPROCEEDINGS{HEHENBERGER09,
  author = {Ph. Hehenberger AND P.-J. Wagner AND H. Reisinger AND T. Grasser},
  title = {{Comparison of Fast Measurement Methods for Short-Term Negative Bias
	Temperature Stress and Relaxation}},
  booktitle = ESSDERC,
  year = {2009},
  pages = {311-314}
}

@ARTICLE{HEIMAN95,
  author = {F.P. Heiman AND G. Warfield},
  title = {{The Effects of Oxide Traps on the MOS Capacitance}},
  journal = IEEETED,
  year = {1965},
  volume = {12},
  pages = {167-178},
  number = {4}
}

@ARTICLE{HEMERYCK09B,
  author = {A. Hemeryck and A. Est\`eve and N. Richard and M. Djafari Rouhani
	and Y.J. Chabal},
  title = {{Fundamental Steps towards Interface Amorphization during Silicon
	Oxidation: Density Functional Theory Calculations}},
  journal = PRB,
  year = {2009},
  volume = {79},
  pages = {035317},
  number = {3},
  numpages = {5}
}

@ARTICLE{HEMERYCK07,
  author = {A. Hemeryck and N. Richard and A. Est\`eve and M. Djafari Rouhani},
  title = {{Multi-Scale Modeling of Oxygen Molecule Adsorption on a Si(1 0 0)-p(2 × 2)
	Surface}},
  journal = JNCS,
  year = {2007},
  volume = {353},
  pages = {594-598},
  number = {5-7}
}

@ARTICLE{HEMERYCK07B,
  author = {A. Hemeryck and N. Richard and A. Est\`eve and M. Djafari Rouhani},
  title = {{Active Oxidation: Silicon Etching and Oxide Decomposition Basic
	Mechanisms using Density Functional Theory}},
  journal = SS,
  year = {2007},
  volume = {601},
  pages = {2082-2088},
  number = {9}
}

@ARTICLE{HEMERYCK07C,
  author = {A. Hemeryck and N. Richard and A. Est\`eve and M. Djafari Rouhani},
  title = {{Diffusion of Oxygen Atom in the Topmost Layer of the Si(1 0 0) Surface:
	Structures and Oxidation Kinetics}},
  journal = SS,
  year = {2007},
  volume = {601},
  pages = {2339-2343},
  number = {11}
}

@ARTICLE{HENDERSON89,
  author = {B. Henderson and M. Pepper and R.L. Vranch},
  title = {{Spin-Dependent and Localisation Effects at $\mathrm{Si/SiO_2}$ Device
	Interface}},
  journal = SST,
  year = {1989},
  volume = {4},
  pages = {1045-1060},
  owner = {goes},
  timestamp = {2011.11.09}
}

@ARTICLE{HENRY77,
  author = {C.H. Henry AND D.V. Lang},
  title = {{Nonradiative Capture and Recombination by Multiphonon Emission in
	GaAs and GaP}},
  journal = PRB,
  year = {1977},
  volume = {15},
  pages = {989-1016},
  number = {2}
}

@ARTICLE{HJALMARSON06,
  author = {H.P. Hjalmarson and R.L. Pease and C.E. Hembree and R.M. Van Ginhoven
	and P.A. Schultz},
  title = {{Dose-Rate Dependence of Radiation-Induced Interface Trap Density
	in Silicon Bipolar Transistors}},
  journal = NIMPR,
  year = {2006},
  volume = {250},
  pages = {269-273}
}

@ARTICLE{HJALMARSON03,
  author = {H.P. Hjalmarson and R.L. Pease and S.C. Witczak and M.R. Shaneyfelt
	and J.R. Schwank and A.H. Edwards and C.E. Hembree and T.R. Mattsson},
  title = {{Mechanisms for Radiation Dose-Rate Sensitivity of Bipolar Transistors}},
  journal = IEEETNS,
  year = {2003},
  volume = {50},
  pages = {1901-1909},
  number = {6}
}

@ARTICLE{HOHENBERG65,
  author = {P. Hohenberg and W. Kohn},
  title = {{Inhomogeneous Electron Gas}},
  journal = PR,
  year = {1964},
  volume = {136},
  pages = {B864-B871},
  number = {3B},
  owner = {goes},
  timestamp = {2011.04.20}
}

@ARTICLE{HOU09,
  author = {Z. F. Hou and X. G. Gong and Quan Li},
  title = {{Energetics and Electronic Structure of Aluminum Point Defects in
	$\mathrm{HfO_2}$: A First-Principles Study}},
  journal = JAP,
  year = {2009},
  volume = {106},
  pages = {014104},
  number = {1},
  numpages = {6}
}

@ARTICLE{HOUSSA05B,
  author = {M. Houssa AND M. Aoulaiche AND S. De Gendt AND G. Groeseneken AND
	M.M. Heyns AND A. Stesmans},
  title = {{Reaction-Dispersive Proton Transport Model for Negative Bias Temperature
	Instabilities}},
  journal = APL,
  year = {2005},
  volume = {86},
  pages = {1-3},
  number = {9}
}

@ARTICLE{HUANG50,
  author = {K. Huang and A. Rhys},
  title = {{Theory of Light Absorption and Non-Radiative Transitions in F-Centres}},
  journal = {{Proceedings of the Royal Society of London. Series A}},
  year = {1950},
  volume = {204},
  pages = {406-423},
  owner = {goes},
  timestamp = {2011.04.07}
}

@INPROCEEDINGS{HUARD10,
  author = {V. Huard},
  title = {{Two Independent Components Modeling for Negative Bias Temperature
	Instability}},
  booktitle = IRPS,
  year = {2010},
  pages = {33 -42},
  month = {2-6}
}

@ARTICLE{HUARD06,
  author = {V. Huard AND M. Denais AND C. Parthasarathy},
  title = {{NBTI Degradation: From Physical Mechanisms to Modeling}},
  journal = MR,
  year = {2006},
  volume = {46},
  pages = {1-23},
  number = {1}
}

@ARTICLE{HUARD05,
  author = {V. Huard AND M. Denais AND F. Perrier AND N. Revil AND C. Parthasarathy
	AND A. Bravaix AND E. Vincent},
  title = {{A Thorough Investigation of MOSFETs NBTI Degradation}},
  journal = MR,
  year = {2005},
  volume = {45},
  pages = {83-98},
  number = {1}
}

@INPROCEEDINGS{HUARD06B,
  author = {V. Huard AND C.R. Parthasarathy AND C. Guerin AND M. Denais},
  title = {{Physical Modeling of Negative Bias Temperature Instabilities for
	Predictive Extrapolation}},
  booktitle = IRPS,
  year = {2006},
  pages = {733-734}
}

@INPROCEEDINGS{HUARD07,
  author = {V. Huard AND C. Parthasarathy AND N. Rallet AND C. Guerin AND M.
	Mammase AND D. Barge AND C. Ouvrard},
  title = {{New Characterization and Modeling Approach for NBTI Degradation
	from Transistor to Product Level}},
  booktitle = IEDM,
  year = {2007},
  pages = {797-800}
}

@BOOK{IBE09,
  title = {{Markov Processes for Stochastic Modeling}},
  publisher = {Academic Press},
  year = {2009},
  author = {O.C. Ibe},
  owner = {goes},
  timestamp = {2011.04.18}
}

@ARTICLE{ISLAM07B,
  author = {A.E. Islam AND H. Kufluoglu AND D. Varghese AND S. Mahapatra AND
	M.A. Alam},
  title = {{Recent Issues in Negative-Bias Temperature Instability: Initial
	Degradation, Field Dependence of Interface Trap Generation, Hole
	Trapping Effects, and Relaxation}},
  journal = IEEETED,
  year = {2007},
  volume = {54},
  pages = {2143-2154},
  number = {9}
}

@INPROCEEDINGS{ISLAM07C,
  author = {A.E. Islam AND E. N. Kumar AND H. Das AND S. Purawat AND V. Maheta
	AND H. Aono AND E. Murakami AND S. Mahapatra AND M.A. Alam},
  title = {{Theory and Practice of On-the-fly and Ultra-fast $V_\mathrm{T}$
	Measurements for NBTI Degradation: Challenges and Opportunities}},
  booktitle = IEDM,
  year = {2007},
  pages = {1-4}
}

@ARTICLE{ISLER00,
  author = {M. Isler and D. Liebig},
  title = {{Enhanced Multiphonon Capture of Hot Electrons by Deep Centers with
	Strong Lattice Coupling: A Monte Carlo Study of $\mathrm{InP:Fe}$}},
  journal = PRB,
  year = {2000},
  volume = {61},
  pages = {7483-7488},
  number = {11},
  owner = {goes},
  timestamp = {2011.04.07}
}

@MISC{ITRS_05,
  author = {ITRS},
  title = {{International Technology Roadmap for Semiconductors - 2005 Edition}},
  year = {2005},
  note = {{\tt http://www.itrs.net}}
}

@ARTICLE{ZHANG04,
  author = {J,F. Zhang and C.Z. Zhao and A.H. Chen and G. Groeseneken and R.
	Degraeve},
  title = {{Hole Traps in Silicon Dioxides—Part I: Properties}},
  journal = IEEETED,
  year = {2004},
  volume = {51},
  pages = {1267-1273},
  number = {8},
  owner = {goes},
  timestamp = {2011.05.03}
}

@ARTICLE{JANAK78,
  author = {J.F. Janak},
  title = {{Proof that $\partial E / \partial n_i = \varepsilon_i$ in Density-Functional
	Theory}},
  journal = PRB,
  year = {1978},
  volume = {18},
  pages = {7165-7168},
  number = {12},
  owner = {goes},
  timestamp = {2011.04.20}
}

@BOOK{JENSEN,
  title = {{Introduction to Computational Chemistry}},
  publisher = {John Wiley \& Sons},
  year = {1999},
  author = {F.~Jensen}
}

@ARTICLE{JEON08,
  author = {H. Jeon and Y. Won},
  title = {{The Reaction Pathways of the Oxygen Plasma Pulse in the Hafnium
	Oxide Atomic Layer Deposition Process}},
  journal = APL,
  year = {2008},
  volume = {93},
  pages = {124104},
  number = {12},
  numpages = {3}
}

@ARTICLE{JEPPSON77,
  author = {K.O. Jeppson AND C.M. Svensson},
  title = {{Negative Bias Stress of MOS Devices at High Electric Fields and
	Degradation of MNOS Devices}},
  journal = JAP,
  year = {1977},
  volume = {48},
  pages = {2004-2014},
  number = {5}
}

@INPROCEEDINGS{JI13,
  author = {X. Ji and Y. Liao and C. Zhu and J. Chang and F.Yan and Y. Shi and
	Q. Guo},
  title = {{The Physical Mechanisms of $I_\mathrm{g}$ Random Telegraph Noise
	in Deeply Scaled pMOSFETs}},
  booktitle = {IPRS},
  year = {2013},
  pages = {XT.7.1-XT.7.5},
  owner = {goes},
  timestamp = {2013.06.10}
}

@ARTICLE{JIMENEZ01,
  author = {Jimenez-Molinos, F. and Palma, A. and Gamiz, F. and Banqueri, J.
	and Lopez-Villanueva, J. A.},
  title = {{Physical Model for Trap-Assisted Inelastic Tunneling in Metal-Oxide-Semiconductor
	Structures }},
  journal = JAP,
  year = {2001},
  volume = {90},
  pages = {3396-3404},
  number = {7},
  owner = {wolfgang},
  timestamp = {2013.02.20}
}

@ARTICLE{JIN01,
  author = {Y.G. Jin and K.J. Chang},
  title = {{Mechanism for the Enhanced Diffusion of Charged Oxygen Ions in $\mathrm{SiO_2}$}},
  journal = PRL,
  year = {2001},
  volume = {86},
  pages = {1793-1796},
  number = {9},
  numpages = {3}
}

@ARTICLE{JEONG01,
  author = {S. Joeng and A. Oshiyama},
  title = {{Atomic and Electronic Structures of N-Incorporated Si Oxides}},
  journal = PRB,
  year = {2001},
  volume = {86},
  pages = {3574},
  number = {16},
  numpages = {4}
}

@ARTICLE{JOHNSON83,
  author = {N.M. Johnson and D.K. Biegelsen and M.D. Moyer and S.T. Chang and
	E.H. Poindexter and P.J. Caplan},
  title = {{Characteristic electronic defects at the $\mathrm{Si-SiO_2}$ interface}},
  journal = APL,
  year = {1983},
  volume = {43},
  pages = {563-565},
  number = {6},
  owner = {goes},
  timestamp = {2011.11.09}
}

@ARTICLE{KACZER13,
  author = {B. Kaczer and M. Toledano-Luque and W. Goes and T. Grasser and G.
	Groeseneken},
  title = {{Gate Current Random Telegraph Noise and Single Defect Conduction}},
  journal = ME,
  year = {2013},
  volume = {109},
  pages = {123-125},
  owner = {goes},
  timestamp = {2013.06.12}
}

@ARTICLE{KACZER05,
  author = {B. Kaczer AND V. Arkhipov AND R. Degraeve AND N. Collaert AND G.
	Groeseneken AND M. Goodwin},
  title = {{Temperature Dependence of the Negative Bias Temperature Instability
	in the Framework of Dispersive Transport}},
  journal = APL,
  year = {2005},
  volume = {86},
  pages = {1-3},
  number = {5}
}

@INPROCEEDINGS{KACZER05B,
  author = {B. Kaczer AND V. Arkhipov AND R. Degraeve AND N. Collaert AND G.
	Groeseneken AND M. Goodwin},
  title = {{Disorder-Controlled-Kinetics Model for Negative Bias Temperature
	Instability and its Experimental Verification}},
  booktitle = IRPS,
  year = {2005},
  pages = {381-387}
}

@ARTICLE{KACZER09B,
  author = {B. Kaczer and J. Franco and J. Mitard and Ph.J. Roussel and A. Veloso
	and G. Groeseneken},
  title = {{Improvement in NBTI Reliability of Si-Passivated Ge/High-k/Metal-Gate
	pFETs}},
  journal = ME,
  year = {2009},
  volume = {86},
  pages = {1582-1584},
  number = {7-9}
}

@INPROCEEDINGS{KACZER12,
  author = {Kaczer, B. and Franco, J. and Toledano-Luque, M. and Roussel, Ph.J.
	and Bukhori, M.F. and Asenov, A. and Schwarz, B. and Bina, M. and
	Grasser, T. and Groeseneken, G.},
  title = {{The Relevance of Deeply-Scaled FET Threshold Voltage Shifts for
	Operation Lifetimes}},
  booktitle = IRPS,
  year = {2012},
  owner = {wolfgang},
  timestamp = {2013.04.25}
}

@INPROCEEDINGS{KACZER09,
  author = {B. Kaczer AND T. Grasser AND J. Martin-Martinez AND E. Simoen AND
	M. Aoulaiche AND Ph.J. Roussel AND G. Groeseneken},
  title = {{NBTI from the Perspective of Defect States with Widely Distributed
	Time Scales}},
  booktitle = IRPS,
  year = {2009},
  pages = {55-60}
}

@INPROCEEDINGS{KACZER10,
  author = {B. Kaczer AND T. Grasser AND Ph.J. Roussel AND J. Franco AND R. Degraeve
	AND L.A. Ragnarsson AND E. Simoen AND G. Groeseneken AND H. Reisinger},
  title = {{Origin of NBTI Variability in Deeply Scaled PFETs}},
  booktitle = IRPS,
  year = {2010},
  pages = {1095-1098}
}

@INPROCEEDINGS{KACZER08,
  author = {B. Kaczer AND T. Grasser AND Ph.J. Roussel AND J. Martin-Martinez
	AND R. O'Connor AND B.J. O'Sullivan AND G. Groeseneken},
  title = {{Ubiquitous Relaxation in BTI Stressing-New Evaluation and Insights}},
  booktitle = IRPS,
  year = {2008},
  pages = {20-27}
}

@ARTICLE{KACZER10B,
  author = {B. Kaczer and Ph. Roussel and T. Grasser and G. Groeseneken},
  title = {{Statistics of Multiple Trapped Charges in the Gate Oxide of Deeply
	Scaled MOSFET Devices-Application to NBTI}},
  journal = IEEEEDL,
  year = {2010},
  volume = {31},
  pages = {411-413},
  owner = {goes},
  timestamp = {2011.09.23}
}

@ARTICLE{KARNER07,
  author = {M. Karner and A. Gehring and S. Holzer and M. Pourfath and M. Wagner
	and W. Goes and M. Vasicek and O. Baumgartner and Ch. Kernstock and
	K. Schnass and G. Zeiler and T. Grasser and H. Kosina and S. Selberherr},
  title = {{A Multi-Purpose Schr\"odinger-Poisson Solver for TCAD Applications}},
  journal = JCE,
  year = {2007},
  volume = {6},
  pages = {179-182},
  owner = {goes},
  timestamp = {2011.04.18}
}

@ARTICLE{KEIL65,
  author = {T.H. Keil},
  title = {{Shapes of Impurity Absorption Bands in Solids}},
  journal = PR,
  year = {1965},
  volume = {140},
  pages = {A601-A617},
  number = {2A},
  owner = {goes},
  timestamp = {2011.04.07}
}

@ARTICLE{KELLEY79,
  author = {C.S. Kelley},
  title = {{Moments of Semiclassical and Classical Absorption and Emission Band
	Shapes of Impurities in Solids}},
  journal = PRB,
  year = {1979},
  volume = {20},
  pages = {5084-5089},
  number = {12},
  owner = {goes},
  timestamp = {2011.04.07}
}

@INCOLLECTION{KIMMEL09,
  author = {A.V. Kimmel AND P.V. Sushko AND A.L. Shluger AND G. Bersuker},
  title = {{Positive and Negative Oxygen Vacancies in Amorphous Silica}},
  booktitle = {Silicon Nitride, Silicon Dioxide, and Emerging Dielectrics 10},
  publisher = {ECS Transactions},
  year = {2009},
  editor = {R. Sah AND J. Zhang AND Y. Kamakura AND M. Deen AND J. Yota},
  volume = {19},
  pages = {2-17}
}

@ARTICLE{KIRTON89,
  author = {M.J. Kirton AND M.J. Uren},
  title = {{Noise in Solid-State Microstructures: A New Perspective on Individual
	Defects, Interface States, and Low-Frequency (1/f) Noise}},
  journal = AP,
  year = {1989},
  volume = {38},
  pages = {367-486},
  number = {4}
}

@BOOK{KOHANOFF,
  title = {{Electronic Structure Calculations for Solids and Molecules}},
  publisher = {Cam},
  year = {2006},
  author = {J. Kohanoff},
  owner = {goes},
  timestamp = {2011.06.22}
}

@ARTICLE{KOHN99,
  author = {W. Kohn},
  title = {{Nobel Lecture: Electronic Structure of Matter --- Wave Functions
	and Density Functionals}},
  journal = {Rev.Mod.Phys.},
  year = {1999},
  volume = {71},
  pages = {1253-1266},
  number = {5},
  owner = {goes},
  timestamp = {2011.04.20}
}

@ARTICLE{KOHN65,
  author = {W. Kohn and L.J.Sham},
  title = {{Self-Consistent Equations Including Exchange and Correlation Effects}},
  journal = PR,
  year = {1965},
  volume = {140},
  pages = {A1133-A1138},
  number = {4A},
  owner = {goes},
  timestamp = {2011.04.20}
}

@ARTICLE{KONG08,
  author = {Kong, LingTi and Lewis, Laurent J.},
  title = {{Structure and Energetics of $c\text{-}\mathrm{Si}∕a\text{-}\mathrm{Si}{\mathrm{O}}_{2}$
	Systems: Planar Interfaces and Embedded Si Nanocrystals}},
  journal = PRB,
  year = {2008},
  volume = {77},
  pages = {085204-085209},
  owner = {wolfgang},
  timestamp = {2013.02.25}
}

@ARTICLE{KOSOWSKY97,
  author = {S.D. Kosowsky and P.S. Pershan and K.S. Krisch and J. Bevk and M.L.
	Green and D. Brasen and L.C. Feldman and P.K. Roy},
  title = {{Evidence of Annealing Effects on a High-Density $\mathrm{Si/SiO_2}$
	Interfacial Layer}},
  journal = APL,
  year = {1997},
  volume = {70},
  pages = {3119-3121},
  number = {23}
}

@ARTICLE{KRESSE96,
  author = {G. Kresse and J. Furthm\"uller},
  title = {{Efficiency of Ab-Initio Total Energy Calculations for Metals and
	Semiconductors using a Plane-Wave Basis Set}},
  journal = CMS,
  year = {1996},
  volume = {6},
  pages = {15-50},
  number = {1}
}

@ARTICLE{KRESSE96B,
  author = {Kresse, G. and Furthm\"uller, J.},
  title = {{Efficient Iterative Schemes for Ab Initio Total-Energy Calculations
	using a Plane-Wave Basis Set}},
  journal = PRB,
  year = {1996},
  volume = {54},
  pages = {11169-11186},
  number = {16},
  numpages = {17}
}

@ARTICLE{KRESSE94,
  author = {G. Kresse and J. Hafner},
  title = {{Ab Initio Molecular-Dynamics Simulation of the Liquid-Metal-Amorphous-Semiconductor
	Transition in Germanium}},
  journal = PRB,
  year = {1994},
  volume = {49},
  pages = {14251-14269},
  number = {20}
}

@ARTICLE{KRESSE93,
  author = {Kresse, G. and Hafner, J. },
  title = {{Ab Initio Molecular Dynamics for Liquid Metals}},
  journal = PRB,
  year = {1993},
  volume = {47},
  pages = {558-561},
  number = {1},
  numpages = {3}
}

@ARTICLE{KRESSE99,
  author = {G. Kresse and D. Joubert},
  title = {{From Ultrasoft Pseudopotentials to the Projector Augmented-Wave
	Method}},
  journal = PRB,
  year = {1999},
  volume = {59},
  pages = {1758-1775},
  number = {3}
}

@INPROCEEDINGS{KRISHNAN05,
  author = {A.T. Krishnan AND C. Chancellor AND S. Chakravarthi AND P.E. Nicollian
	AND V. Reddy AND A. Varghese AND R.B. Khamankar AND S. Krishnan},
  title = {{Material Dependence of Hydrogen Diffusion: Implications for NBTI
	Degradation}},
  booktitle = IEDM,
  year = {2005},
  pages = {688-691}
}

@INPROCEEDINGS{KRISHNAN03,
  author = {A.T. Krishnan AND V. Reddy AND S. Chakravarthi AND J. Rodriguez AND
	S. John AND S. Krishnan},
  title = {{NBTI Impact on Transistor and Circuit: Models, Mechanisms, and Scaling
	Effects}},
  booktitle = IEDM,
  year = {2003},
  pages = {1-4}
}

@ARTICLE{KROLL05,
  author = {P. Kroll},
  title = {{A DFT Study of Amorphous Silicon Oxynitride}},
  journal = JNCS,
  year = {2005},
  volume = {351},
  pages = {1127-1132},
  number = {12-13}
}

@ARTICLE{LARCHER03,
  author = {Larcher, L.},
  title = {{Statistical Simulation of Leakage Currents in MOS and Flash Memory
	Devices with a New Multiphonon Trap-Assisted Tunneling Model}},
  journal = IEEETED,
  year = {2003},
  volume = {50},
  pages = {1246-1253},
  number = {5},
  owner = {wolfgang},
  timestamp = {2013.02.20}
}

@ARTICLE{LAX52,
  author = {M. Lax},
  title = {{The Franck-Condon Principle and Its Application to Crystals}},
  journal = {Journ.Chem.Phys.},
  year = {1952},
  volume = {20},
  pages = {1752-1760},
  number = {11},
  owner = {goes},
  timestamp = {2011.04.07}
}

@ARTICLE{LEE08,
  author = {E.-C. Lee},
  title = {{Nitrogen-Induced Interface Defects in Si Oxynitride}},
  journal = PRB,
  year = {2008},
  volume = {77},
  pages = {104108},
  number = {10},
  eid = {104108},
  numpages = {4}
}

@ARTICLE{LEE02,
  author = {E.-C. Lee and K.J. Chang},
  title = {{Electrically Inactive Nitrogen Complex in Si Oxynitride}},
  journal = PRB,
  year = {2002},
  volume = {66},
  pages = {233205},
  number = {23},
  numpages = {4}
}

@ARTICLE{LEE11,
  author = {Lee, Sangheon and Bondi, Robert J. and Hwang, Gyeong S.},
  title = {{Atomistic Structural Description of the $\mathrm{Si(001)/}$a$-\mathrm{SiO2}$
	Interface: The Influence of Different Keating-like Potential Parameters}},
  journal = JAP,
  year = {2011},
  volume = {109},
  pages = {113519-1--113519-12},
  number = {11},
  owner = {wolfgang},
  timestamp = {2013.02.25}
}

@ARTICLE{LELIS94,
  author = {Lelis, A.J. and Oldham, T.R.},
  title = {{Time Dependence of Switching Oxide Traps}},
  journal = IEEETNS,
  year = {1994},
  volume = {41},
  pages = {1835-1843},
  number = {6}
}

@ARTICLE{LELIS89,
  author = {Lelis, A.J. and Oldham, T.R. and H.E. Boesch and F.B. McLean},
  title = {{The Nature of the Trapped Hole Annealing Process}},
  journal = IEEETNS,
  year = {1989},
  volume = {36},
  pages = {1808-1815},
  number = {6}
}

@INCOLLECTION{LENAHAN08,
  author = {P.M. Lenahan},
  title = {{Dominating Defects in the MOS System: $P_\mathrm{b}$ and $E'$ Centers}},
  booktitle = {Defects in Microelectronic Materials and Devices},
  publisher = {Taylor and Francis/CRC Press},
  year = {2008},
  editor = {D. Fleetwood AND R. Schrimpf AND S. Pantelides},
  note = invited
}

@ARTICLE{LENAHAN07,
  author = {P.M. Lenahan},
  title = {{Deep Level Defects Involved in MOS Device Instabilities}},
  journal = MR,
  year = {2007},
  volume = {47},
  pages = {890-898}
}

@ARTICLE{LENAHAN03,
  author = {P.M. Lenahan},
  title = {{Atomic Scale Defects Involved in MOS Reliability Problems}},
  journal = ME,
  year = {2003},
  volume = {69},
  pages = {173-181}
}

@ARTICLE{LENAHAN10,
  author = {P. Lenahan and P. Campbell and T. Krishnan and S. Krishnan},
  title = {{A Model for NBTI in Nitrided Oxide MOSFETs Which Does Not Involve
	Hydrogen or Diffusion}},
  journal = IEEETDMR,
  year = {2010},
  volume = {99},
  pages = {1},
  owner = {goes},
  timestamp = {2011.04.06}
}

@ARTICLE{LENAHAN98,
  author = {P.M. Lenahan and J.F. Conley},
  title = {{What Can Electron Paramagnetic Resonance Tell Us about the $\mathrm{Si/SiO_2}$
	System?}},
  journal = {J.Vac.Sci.Technol.B},
  year = {1998},
  volume = {16},
  pages = {2134-2153},
  number = {4}
}

@ARTICLE{LENAHAN84,
  author = {P.M. Lenahan and P.V. Dressendorfer},
  title = {{Hole Traps and Trivalent Silicon Centers in Metal/Oxide/Silicon
	Devices}},
  journal = JAP,
  year = {1984},
  volume = {55},
  pages = {3495-3499},
  number = {10}
}

@ARTICLE{LENAHAN83,
  author = {P.M. Lenahan and P.V. Dressendorfer},
  title = {{Microstructural Variations in Radiation Hard and Soft Oxides Observed
	through Electron Spin Resonance}},
  journal = IEEETNS,
  year = {1983},
  volume = {30},
  pages = {4602 -4604},
  number = {6}
}

@ARTICLE{LIU09,
  author = {B. Liu and J.Y. Wang and F.Z. Li and Q.F. Tong and Y.C. Zhou},
  title = {{Atomic-Scale Studies of Native Point Defect and Nonstoichiometry
	in Silicon Oxynitride}},
  journal = JPCS,
  year = {2009},
  volume = {70},
  pages = {982-988},
  number = {6}
}

@ARTICLE{LIU09B,
  author = {D. Liu and J. Robertson},
  title = {{Passivation of Oxygen Vacancy States and Suppression of Fermi Pinning
	in $\mathrm{HfO_2}$ by $\mathrm{La}$ Addition}},
  journal = APL,
  year = {2009},
  volume = {94},
  pages = {042904},
  number = {4},
  numpages = {3}
}

@ARTICLE{LOPEZ04,
  author = {G.M. Lopez and V. Fiorentini},
  title = {{Structure, Energetics, and Extrinsic Levels of Small Self-Interstitial
	Clusters in Silicon}},
  journal = PRB,
  year = {2004},
  volume = {69},
  pages = {155206},
  number = {15},
  owner = {goes},
  timestamp = {2011.04.21}
}

@ARTICLE{LU05,
  author = {M.P. Lu AND M.J. Chen},
  title = {{Oxide-Trap-Enhanced Coulomb Energy in a Metal-Oxide-Semiconductor
	System}},
  journal = PRB,
  year = {2005},
  volume = {72},
  pages = {235417-1},
  number = {23}
}

@ARTICLE{LU02,
  author = {Lu, Z.-Y. and Nicklaw, C.J. and Fleetwood, D.M. and Schrimpf, R.D.
	and Pantelides, S.T.},
  title = {{Structure, Properties, and Dynamics of Oxygen Vacancies in Amorphous
	$\mathrm{SiO_2}$}},
  journal = PRL,
  year = {2002},
  volume = {89},
  pages = {285505},
  number = {28},
  numpages = {4}
}

@INCOLLECTION{LUCOVSKY08,
  author = {G. Lucovsky},
  title = {{Spectroscopic Studies of Electrically Active Defects in High-$Kappa$
	Gate Dielectrics}},
  booktitle = {Defects in Microelectronic Materials and Devices},
  publisher = {Taylor and Francis/CRC Press},
  year = {2008},
  editor = {D. Fleetwood AND R. Schrimpf AND S. Pantelides}
}

@ARTICLE{LUH97,
  author = {Luh, D.-A. and Miller, T. and Chiang, T.-C. },
  title = {{Statistical Cross-Linking at the $\mathrm{Si(111)/SiO_2}$ Interface}},
  journal = PRL,
  year = {1997},
  volume = {79},
  pages = {3014-3017},
  number = {16},
  numpages = {3}
}

@ARTICLE{LUKYANCHIKOVA00,
  author = {N.B. Lukyanchikova and M.V. Petrichuk and N.P. Garbar and E. Simoen
	and C. Claeys},
  title = {{Influence of the Substrate Voltage on the Random Telegraph Signal
	Parameters in Submicron $n$-Channel Metal-Oxide-Semiconductor Field-Effect
	Transistors under a Constant Inversion Charge Density}},
  journal = APA,
  year = {2000},
  volume = {70},
  pages = {345-353},
  number = {3},
  owner = {goes},
  timestamp = {2011.04.07}
}

@ARTICLE{LUNDSTROM72,
  author = {I. Lundstrom and C. Svensson},
  title = {{Tunneling to Traps in Insulators}},
  journal = JAP,
  year = {1972},
  volume = {43},
  pages = {5045-5047},
  number = {12},
  owner = {goes},
  timestamp = {2011.04.06}
}

@ARTICLE{MUNOZRAMO07C,
  author = {D. {M\~{u}noz Ramo} and J. L. Gavartin and A. L. Shluger and G. Bersuker},
  title = {{Spectroscopic Properties of Oxygen Vacancies in Monoclinic $\mathrm{HfO_2}$
	Calculated with Periodic and Embedded Cluster Density Functional
	Theory}},
  journal = PRB,
  year = {2007},
  volume = {75},
  pages = {205336},
  number = {20},
  numpages = {12}
}

@ARTICLE{MUNOZRAMO07,
  author = {{M\~{u}noz~Ramo}, D. and Gavartin, J.L. and Shluger, A.L. and Bersuker,
	G.},
  title = {{Intrinsic and Defect-Assisted Trapping of Electrons and Holes in
	$\mathrm{HfO_2}$: an Ab Initio Study}},
  journal = ME,
  year = {2007},
  volume = {84},
  pages = {2362-2365},
  number = {9-10},
  issn = {0167-9317}
}

@ARTICLE{MUNOZRAMO07B,
  author = {{M\~{u}noz~Ramo}, D. and Shluger, A.L. and Gavartin, J.L. and Bersuker,
	G.},
  title = {{Theoretical Prediction of Intrinsic Self-Trapping of Electrons and
	Holes in Monoclinic $\mathrm{HfO_2}$}},
  journal = PRL,
  year = {2007},
  volume = {99},
  pages = {155504},
  number = {15},
  numpages = {4}
}

@INPROCEEDINGS{MAHAPATRA07,
  author = {S. Mahapatra AND K. Ahmed AND D. Varghese AND A. E. Islam AND G.
	Gupta AND L. Madhav AND D. Saha AND M. A. Alam},
  title = {{On the Physical Mechanism of NBTI in Silicon Oxynitride p-MOSFETs:
	Can Differences in Insulator Processing Conditions Resolve the Interface
	Trap Generation versus Hole Trapping Controversy?}},
  booktitle = IRPS,
  year = {2007},
  pages = {1-9}
}

@ARTICLE{MAHAPATRA05,
  author = {S. Mahapatra AND M.A. Alam AND P.B. Kumar AND T.R. Dalei AND D. Varghese
	AND D. Saha},
  title = {{Negative Bias Temperature Instability in CMOS Devices}},
  journal = ME,
  year = {2005},
  volume = {80},
  pages = {114-121},
  number = {Suppl.}
}

@ARTICLE{MAKRAMEBEID82,
  author = {S. Makram-Ebeid AND M. Lannoo},
  title = {{Quantum Model for Phonon-Assisted Tunnel Ionization of Deep Levels
	in a Semiconductor}},
  journal = PRB,
  year = {1982},
  volume = {25},
  pages = {6406-6424},
  number = {10}
}

@ARTICLE{MARINOPOULOS07,
  author = {A.G. Marinopoulos and I. Batyrev and X.J. Zhou and R.D. Schrimpf
	and D.M. Fleetwood and S.T. Pantelides},
  title = {{Hydrogen Shuttling near Hf-Defect Complexes in $\mathrm{Si/SiO_2/HfO_2}$
	Structures}},
  journal = APL,
  year = {2007},
  volume = {91},
  pages = {233503},
  number = {23},
  numpages = {3}
}

@ARTICLE{MARINOPOULOS08,
  author = {A. G. Marinopoulos and K. van Benthem and S. N. Rashkeev and S. J.
	Pennycook and S. T. Pantelides},
  title = {{Impurity Segregation and Ordering in $\mathrm{Si/SiO_2/HfO_2}$ Structures}},
  journal = PRB,
  year = {2008},
  volume = {77},
  pages = {195317},
  number = {19},
  numpages = {6}
}

@BOOK{MARTIN,
  title = {{Electronic Structure --- Basic Theory and Practical Methods}},
  publisher = {Cambridge University Press},
  year = {2004},
  author = {R. M. Martin}
}

@ARTICLE{MARTINSAMOS05,
  author = {L. Martin-Samos and Y. Limoge and J.-P. Crocombette and G. Roma},
  title = {{Neutral Self-Defects in a Silica Model: A First-Principles Study}},
  journal = PRB,
  year = {2005},
  volume = {71},
  pages = {014116},
  number = {1},
  owner = {goes},
  timestamp = {2011.04.21}
}

@ARTICLE{MARTINEZLIMA06,
  author = {A. Martinez-Limia and P. Pl\"{a}nitz and C. Radehaus},
  title = {{Ab Initio Structural and Electronic Properties of Dangling-Bond-Free
	$\mathrm{SiO_xN_y}$}},
  journal = PRB,
  year = {2006},
  volume = {73},
  pages = {165213},
  number = {16},
  numpages = {6}
}

@ARTICLE{MASUDUZZAMAN08,
  author = {M. Masuduzzaman and A.E. Islam and M.A. Alam},
  title = {{Exploring the Capability of Multifrequency Charge Pumping in Resolving
	Location and Energy Levels of Traps Within Dielectric}},
  journal = IEEEEDL,
  year = {2008},
  volume = {55},
  pages = {3421-3431},
  number = {12},
  owner = {goes},
  timestamp = {2011.04.06}
}

@INPROCEEDINGS{MAURI11,
  author = {Mauri, A. and Castellani, N. and Compagnoni, C.M. and Ghetti, A.
	and Cappelletti, P. and Spinelli, A.S. and Lacaita, A.L.},
  title = {{Impact of Atomistic Doping and 3D Electrostatics on the Variability
	of RTN Time Constants in Flash Memories}},
  booktitle = IEDM,
  year = {2011},
  pages = {17.1.1-17.1.4},
  owner = {wolfgang},
  timestamp = {2013.04.25}
}

@INCOLLECTION{MCWHORTER57,
  author = {A.L. McWhorter},
  title = {{1/f Noise and Germanium Surface Properties}},
  booktitle = {Sem.Surf.Phys},
  publisher = {RH Kingston (Univ Penn Press)},
  year = {1957},
  owner = {goes},
  timestamp = {2011.04.07}
}

@BOOK{MESSIAH,
  title = {{Quantenmechanik 1.}},
  publisher = {DeGruyter},
  year = {1991},
  author = {A. Messiah}
}

@ARTICLE{RATNER87,
  author = {K.V. Mikkelsen and M.A. Ratner},
  title = {{Electron Tunneling in Solid-State Electron-Transfer Reactions}},
  journal = {Chemical Reviews},
  year = {1987},
  volume = {87},
  pages = {113-153},
  number = {1},
  owner = {goes},
  timestamp = {2011.04.06}
}

@ARTICLE{MONAGHAN07,
  author = {S. Monaghan and J.C. Greer and S.D. Elliott},
  title = {{Atomic Scale Model Interfaces between High-K Hafnium Silicates and
	Silicon}},
  journal = PRB,
  year = {2007},
  volume = {75},
  pages = {245304},
  number = {24},
  numpages = {14}
}

@ARTICLE{MUKHOPADHYAY08,
  author = {Mukhopadhyay, A.B. and Musgrave, C.B. and Sanz, J.F.},
  title = {{Atomic Layer Deposition of Hafnium Oxide from Hafnium Chloride and
	Water}},
  journal = JACS,
  year = {2008},
  volume = {130},
  pages = {11996-12006},
  number = {36}
}

@ARTICLE{MUKHOPADHYAY06,
  author = {Mukhopadhyay, A.B. and Sanz, J.F. and Musgrave, C.B.},
  title = {{First-Principles Investigation of Hydroxylated Monoclinic $\mathrm{HfO_2}$
	Surfaces}},
  journal = CM,
  year = {2006},
  volume = {18},
  pages = {3397-3403},
  number = {15}
}

@ARTICLE{MUKHOPADHYAY04B,
  author = {Mukhopadhyay, S. and Sushko, P.V. and Edwards, A.H. and Shluger,
	A.L.},
  title = {{Calculation of Relative Concentrations of $\mathrm{E'}$ Centres
	in Amorphous Silica}},
  journal = JNCS,
  year = {2004},
  volume = {345-346},
  pages = {703-709}
}

@ARTICLE{MUKHOPADHYAY04,
  author = {Mukhopadhyay, S. and Sushko, P.V. and Stoneham, A.M. and Shluger,
	A.L.},
  title = {{Modeling of the Structure and Properties of Oxygen Vacancies in
	Amorphous Silica}},
  journal = PRB,
  year = {2004},
  volume = {70},
  pages = {195203},
  number = {19},
  numpages = {15}
}

@ARTICLE{MUNETOH07,
  author = {S. Munetoh and T. Motooka and K. Moriguchi and A. Shintani},
  title = {{Interatomic Potential for $\mathr{Si-O}$ Systems using Tersoff Parameterization}},
  journal = {Comp.Mat.Science},
  year = {2007},
  volume = {39},
  pages = {334-339},
  number = {2},
  owner = {wolfgang},
  timestamp = {2013.02.25}
}

@ARTICLE{MYSOVSKY04,
  author = {Mysovsky, A.S. and Sushko, P.V. and Mukhopadhyay, S. and Edwards,
	A.H. and Shluger, A.L.},
  title = {{Calibration of Embedded-Cluster Method for Defect Studies in Amorphous
	Silica}},
  journal = PRB,
  year = {2004},
  volume = {69},
  pages = {085202},
  number = {8},
  numpages = {10}
}

@INPROCEEDINGS{NAGUMO09,
  author = {T. Nagumo AND K. Takeuchi AND S. Yokogawa AND K. Imai AND Y. Hayashi},
  title = {{New Analysis Methods for Comprehensive Understanding of Random Telegraph
	Noise}},
  booktitle = IEDM,
  year = {2009},
  pages = {759-762}
}

@ARTICLE{NASKAR05,
  author = {S. Naskar and S.D. Wolter and C.A. Bower and B.R. Stoner and J.T.
	Glass},
  title = {{Verification of the $\mathrm{O-Si-N}$ Complex in Plasma-Enhanced
	Chemical Vapor Deposition Silicon Oxynitride Films}},
  journal = APL,
  year = {2005},
  volume = {87},
  pages = {261907},
  number = {26},
  numpages = {3}
}

@ARTICLE{NELHIEBEL05,
  author = {M. Nelhiebel and J. Wissenwasser and Th. Detzel and A. Timmerer and
	E. Bertagnolli},
  title = {{Hydrogen-Related Influence of the Metallization Stack on Characteristics
	and Reliability of a Trench Gate Oxide}},
  journal = MR,
  year = {2005},
  volume = {45},
  pages = {1355-1359},
  number = {9-11}
}

@ARTICLE{NG99,
  author = {Ng, K.-O. and Vanderbilt, D. },
  title = {{Structure and Oxidation Kinetics of the $\mathrm{Si(100)-SiO_2}$
	Interface}},
  journal = PRB,
  year = {1999},
  volume = {59},
  pages = {10132-10137},
  number = {15},
  numpages = {5}
}

@PHDTHESIS{NICKLAW02B,
  author = {C.J. Nicklaw},
  title = {{Multi-Level Modeling of Total Ionizing Dose in $\aSiO$: First-Principles
	to Circuits}},
  school = {Vanderbilt University},
  year = {2003},
  owner = {wolfgang},
  timestamp = {2011.12.08}
}

@ARTICLE{NICKLAW02,
  author = {C.J. Nicklaw and D.M. Fleetwood and R.D. Schrimpf and S.T. Pantelides},
  title = {{The Structure, Properties, and Dynamics of Oxygen Vacancies in Amorphous
	$\mathrm{SiO_2}$}},
  journal = IEEETNS,
  year = {2002},
  volume = {49},
  pages = {2667-2673},
  number = {6}
}

@ARTICLE{NIJS94,
  AUTHOR     = {J.M.M. de Nijs AND K.G. Druijf AND V.V. Afanas'ev AND E. van der Drift AND P. Balk},
  TITLE      = {{Hydrogen Induced Donor-Type $\mathrm{Si/SiO_2}$ Interface States}},
  JOURNAL    = APL,
  YEAR       = {1994},
  VOLUME     = {65},
  NUMBER     = {19},
  PAGES      = {2428-2430},
}

@BOOK{NITZAN-BOOK,
  title = {{Chemical Dynamics in Condensed Phases}},
  publisher = {Oxford University Press},
  year = {2006},
  author = {Abraham Nitzan},
  owner = {goes},
  timestamp = {2013.07.18}
}

@BOOK{NOLTING5B,
  title = {{Grundkurs Theoretische Physik 5/2: Quantenmechanik - Methoden und
	Anwendungen}},
  publisher = {Springer-Verlag},
  year = {2006},
  author = {W. Nolting}
}

@ARTICLE{NOOLANDI77,
  author = {J. Noolandi},
  title = {{Multiple-Trapping Model of Anomalous Transit-Time Dispersion in
	$a$-Se}},
  journal = PRB,
  year = {1977},
  volume = {16},
  pages = {4466-4473},
  number = {10}
}

@ARTICLE{OGAWA95B,
  author = {S. Ogawa AND N. Shiono},
  title = {{Generalized Diffusion-Reaction Model for the Low-Field Charge Build
	Up Instability at the $\mathrm{Si}$/$\mathrm{SiO_2}$ Interface}},
  journal = PRB,
  year = {1995},
  volume = {51},
  pages = {4218-4230},
  number = {7}
}

@ARTICLE{OH01,
  author = {Oh, J.H. and Yeom, H.W. and Hagimoto, Y. and Ono, K. and Oshima,
	M. and Hirashita, N. and Nywa, M. and Toriumi, A. and Kakizaki, A.
	},
  title = {{Chemical Structure of the Ultrathin $\mathrm{SiO_2/Si(100)}$ Interface:
	An Angle-Resolved Si $\mathrm{2p}$ Photoemission Study}},
  journal = PRB,
  year = {2001},
  volume = {63},
  pages = {205310},
  number = {20},
  numpages = {6}
}

@ARTICLE{ONO99,
  author = {Haruhiko Ono and Taeko Ikarashi and Yoshinao Miura and Eiji Hasegawa
	and Koichi Ando and Tomohisa Kitano},
  title = {{Bonding Configurations of Nitrogen Absorption Peak at 960 $\mathrm{cm^{-1}}$
	in Silicon Oxynitride Films}},
  journal = APL,
  year = {1999},
  volume = {74},
  pages = {203-205},
  number = {2}
}

@ARTICLE{ORDEJON96,
  author = {Ordej\'on, P. and Artacho, E. and Soler, J.M.},
  title = {{Self-Consistent Order-N Density-Functional Calculations for Very
	Large Systems}},
  journal = PRB,
  year = {1996},
  volume = {53},
  pages = {R10441-R10444},
  number = {16},
  numpages = {3}
}

@ARTICLE{ORELLANA01,
  author = {W. Orellana and A.J.R. da Silva and A. Fazzio},
  title = {{$\mathrm{O_2}$ Diffusion in $\mathrm{SiO_2}$: Triplet versus Singlet}},
  journal = PRL,
  year = {2001},
  volume = {87},
  pages = {155901},
  number = {15},
  numpages = {4}
}

@ARTICLE{ORENSTEIN82,
  author = {J. Orenstein AND M.A. Kastner AND V. Vaninov},
  title = {{Transient Photoconductivity and Photo-Induced Optical Absorption
	in Amorphous Semiconductors.}},
  journal = {Philos.Mag.B},
  year = {1982},
  volume = {46},
  pages = {23-62},
  number = {1}
}

@ARTICLE{PALMA97,
  author = {A. Palma AND A. Godoy AND J. A. Jimenez-Tejada AND J. E. Carceller
	AND J. A. Lopez-Villanueva},
  title = {{Quantum Two-Dimensional Calculation of Time Constants of Random
	Telegraph Signals in Metal-Oxide-Semiconductor Structures}},
  journal = PRB,
  year = {1997},
  volume = {56},
  pages = {9565-9574},
  number = {15}
}

@ARTICLE{PANTELIDES00,
  author = {S.T. Pantelides and S.N. Rashkeev and R. Buczko and D.M. Fleetwood
	and R.D. Schrimpf},
  title = {{Ab Initio Calculations of $\mathrm{H^+}$ Energetics in $\mathrm{SiO_2}$:
	Implications for Transport}},
  journal = IEEETNS,
  year = {2000},
  volume = {47},
  pages = {2262-2268},
  number = {6}
}

@ARTICLE{PASQUARELLO96,
  author = {Pasquarello, A. and Hybertsen, M.S. and Car, R. },
  title = {{Theory of Si 2p Core-Level Shifts at the $\mathrm{Si(001)-SiO_2}$
	Interface}},
  journal = PRB,
  year = {1996},
  volume = {53},
  pages = {10942-10950},
  number = {16},
  numpages = {8}
}

@ARTICLE{PERDEW96,
  author = {J.P. Perdew and K. Burke and M. Ernzerhof},
  title = {{Generalized Gradient Approximation Made Simple}},
  journal = PRL,
  year = {1996},
  volume = {77},
  pages = {3865-3868},
  number = {18},
  owner = {goes},
  timestamp = {2011.04.21}
}

@ARTICLE{POINDEXTER81,
  author = {E.H. Poindexter and P.J. Caplan and B.E. Deal and R.R. Razouk},
  title = {{Interface States and Electron Spin Resonance Centers in Thermally
	Oxidized (111) and (100) Silicon Wafers}},
  journal = JAP,
  year = {1981},
  volume = {52},
  pages = {879-884},
  number = {2}
}

@ARTICLE{POINDEXTER95,
  author = {E.H. Poindexter AND W.L. Warren},
  title = {{Paramagnetic Point Defects in Amorphous Thin Films of $\mathrm{SiO_2}$
	and Si$_3$N$_4$: Updates and Additions}},
  journal = JECS,
  year = {1995},
  volume = {142},
  pages = {2508-2516},
  number = {7}
}

@ARTICLE{RAGNARSSON00,
  author = {L.-A. Ragnarsson AND P. Lundgren},
  title = {{Electrical Characterization of $P_\mathrm{b}$ Centers in $(100)\mathrm{Si/SiO_2}$
	Structures: The Influence of Surface Potential on Passivation During
	Post Metallization Anneal}},
  journal = APL,
  year = {2000},
  volume = {88},
  pages = {938-942},
  number = {2}
}

@ARTICLE{RALLS84,
  author = {K.S. Ralls AND W.J. Skocpol AND L.D. Jackel AND R.E. Howard AND L.A.
	Fetter AND R.W. Epworth AND D.M. Tennant},
  title = {{Discrete Resistance Switching in Submicrometer Silicon Inversion
	Layers: Individual Interface Traps and Low-Frequency ($1/f$?) Noise}},
  journal = PRL,
  year = {1984},
  volume = {52},
  pages = {228-231},
  number = {3}
}

@INPROCEEDINGS{RANGAN03,
  author = {S. Rangan AND N. Mielke AND E.C.C. Yeh},
  title = {{Universal Recovery Behavior of Negative Bias Temperature Instability}},
  booktitle = IEDM,
  year = {2003},
  pages = {341-344}
}

@ARTICLE{RASHKEEV05,
  author = {Rashkeev, S.N. and van Benthem, K. and Pantelides, S. T. and Pennycook,
	S. J.},
  title = {{Single Hf Atoms inside the Ultrathin $\mathrm{SiO_2}$ Interlayer
	between a $\mathrm{HfO_2}$ Dielectric Film and the Si Substrate:
	How Do They Modify the Interface?}},
  journal = ME,
  year = {2005},
  volume = {80},
  pages = {416-419},
  number = {1},
  issn = {0167-9317}
}

@ARTICLE{RASHKEEV01B,
  author = {Rashkeev, S.N. and Fleetwood, D.M. and Schrimpf, R.D. and Pantelides,
	S.T.},
  title = {{Proton-Induced Defect Generation at the $\mathrm{Si-SiO_2}$ Interface}},
  journal = IEEETNS,
  year = {2001},
  volume = {48},
  pages = {2086 -2092},
  number = {6}
}

@ARTICLE{RASHKEEV02,
  author = {S. N. Rashkeev and D. M. Fleetwood and R. D. Schrimpf and S. T. Pantelides},
  title = {{Dual Behavior of $\mathrm{H^+}$ at $\mathrm{Si-SiO_2}$ Interfaces:
	Mobility versus Trapping}},
  journal = APL,
  year = {2002},
  volume = {81},
  pages = {1839-1841},
  number = {10}
}

@ARTICLE{RASHKEEV01,
  author = {Rashkeev, S. N. and Fleetwood, D. M. and Schrimpf, R. D. and Pantelides,
	S. T.},
  title = {{Defect Generation by Hydrogen at the $\mathrm{Si-SiO_2}$ Interface}},
  journal = PRL,
  year = {2001},
  volume = {87},
  pages = {165506},
  number = {16},
  numpages = {4}
}

@INPROCEEDINGS{RAUCH10,
  author = {S. Rauch and G. La Rosa},
  title = {{CMOS Hot Carrier: From Physics to End Of Life Projections, and Qualification}},
  booktitle = IRPS,
  year = {2010}
}

@ARTICLE{REISINGER07,
  author = {H. Reisinger AND O. Blank AND W. Heinrigs AND W. Gustin AND C. Schl\"under},
  title = {{A Comparison of Very Fast to Very Slow Components in Degradation
	and Recovery Due to NBTI and Bulk Hole Trapping to Existing Physical
	Models}},
  journal = IEEETDMR,
  year = {2007},
  volume = {7},
  pages = {119-129},
  number = {1}
}

@INPROCEEDINGS{REISINGER06,
  author = {H. Reisinger AND O. Blank AND W. Heinrigs AND A. M\"uhlhoff AND W.
	Gustin AND C. Schl\"under},
  title = {{Analysis of NBTI Degradation- and Recovery-Behavior Based on Ultra
	Fast $\Vth$-Measurements}},
  booktitle = IRPS,
  year = {2006},
  pages = {448-453}
}

@ARTICLE{REISINGER07B,
  author = {H. Reisinger AND U. Brunner AND W. Heinrigs AND W. Gustin AND C.
	Schl\"under},
  title = {{A Comparison of Fast Methods for Measuring NBTI Degradation}},
  journal = IEEETDMR,
  year = {2007},
  volume = {7},
  pages = {531-539},
  number = {4}
}

@INPROCEEDINGS{REISINGER11,
  author = {H. Reisinger and T. Grasser and K. Ermisch and H. Nielen and W. Gustin
	and C. Schlunder},
  title = {{Understanding and modeling AC BTI}},
  booktitle = IRPS,
  year = {2011},
  pages = {6A.1.1-6A.1.8},
  owner = {wolfgang},
  timestamp = {2013.07.18}
}

@INPROCEEDINGS{REISINGER10,
  author = {H. Reisinger AND T. Grasser AND W. Gustin AND C. Schl{\"u}nder},
  title = {{The Statistical Analysis of Individual Defects Constituting NBTI
	and its Implications for Modeling DC- and AC-Stress}},
  booktitle = IRPS,
  year = {2010},
  pages = {7-15}
}

@INPROCEEDINGS{REISINGER09,
  author = {H. Reisinger AND T. Grasser AND C. Schl{\"u}nder},
  title = {{A Study of NBTI by the Statistical Analysis of the Properties of
	Individual Defects in pMOSFETs}},
  booktitle = IIRW,
  year = {2009},
  pages = {30-35}
}

@ARTICLE{REITTU95,
  author = {H.J. Reittu},
  title = {{Fermi's Golden Rule and Bardeen's Tunneling Theory}},
  journal = {American Association of Physic Teachers},
  year = {1995},
  volume = {63},
  pages = {940-944},
  number = {10},
  owner = {goes},
  timestamp = {2011.04.07}
}

@ARTICLE{RIGNANESE01,
  author = {G.-M. Rignanese and A. Pasquarello},
  title = {{Nitrogen Bonding Configurations at Nitrided $\mathrm{Si(001)}$ Surfaces
	and $\mathrm{Si(001)-SiO:2}$ Interfaces: A First-Principles Study
	of Core-Level Shifts}},
  journal = PRB,
  year = {2001},
  volume = {63},
  pages = {075307},
  number = {7},
  numpages = {10}
}

@ARTICLE{RIGNANESE97,
  author = {G.-M. Rignanese and A. Pasquarello and J.-C. Charlier and X. Gonze
	and R. Car},
  title = {{Nitrogen Incorporation at $\mathrm{Si(001)-SiO_2}$ Interfaces: Relation
	between N 1s Core-Level Shifts and Microscopic Structure}},
  journal = PRL,
  year = {1997},
  volume = {79},
  pages = {5174-5177},
  number = {25},
  numpages = {3}
}

@ARTICLE{RINO93,
  author = {Rino, J.P. and Ebbsj\"o, I. and Kalia, R.K. and Nakano, A. and Vashishta,
	P.},
  title = {{Structure of Rings in Vitreous $\mathrm{SiO_2}$}},
  journal = PRB,
  year = {1993},
  volume = {47},
  pages = {3053-3062},
  number = {6}
}

@ARTICLE{ROBERTSON06,
  author = {J.~Robertson},
  title = {{High Dielectric Constant Gate Oxides for Metal Oxide $\mathrm{Si}$
	Transistors}},
  journal = {Rep.Prog.Phys.},
  year = {2006},
  volume = {69},
  pages = {327-396}
}

@ARTICLE{ROCHET97,
  author = {F. Rochet and Ch. Poncey and G. Dufour and H. Roulet and C. Guillot
	and F. Sirotti},
  title = {{Suboxides at the $\mathrm{Si/SiO_2}$ Interface: a Si2p Core Level
	Study with Synchrotron Radiation}},
  journal = JNCS,
  year = {1997},
  volume = {216},
  pages = {148-155},
  issn = {0022-3093}
}

@ARTICLE{ROMA04,
  author = {Roma, G. and Limoge, Y. },
  title = {{Density Functional Theory Investigation of Native Defects in $\mathrm{SiO_2}$
	: Self-Doping and Contribution to Ionic Conductivity}},
  journal = PRB,
  year = {2004},
  volume = {70},
  pages = {174101},
  number = {17},
  numpages = {6}
}

@ARTICLE{ROSS92,
  author = {Ross, F.M. and Gibson, J.M.},
  title = {{Dynamic Observations of Interface Propagation during Silicon Oxidation}},
  journal = PRL,
  year = {1992},
  volume = {68},
  pages = {1782-1785},
  number = {11},
  numpages = {3}
}

@INPROCEEDINGS{RYAN10,
  author = {J.T. Ryan and P.M. Lenahan and T. Grasser and H.Enichlmair},
  title = {{Recovery-Free Electron Spin Resonance Observations of NBTI Degradation}},
  booktitle = IRPS,
  year = {2010},
  pages = {43-49},
  owner = {wolfgang},
  timestamp = {2013.07.18}
}

@INPROCEEDINGS{SAKUMA06,
  author = {K. Sakuma and D. Matsushita and K. Muraoka and Y. Mitani},
  title = {{Investigation of Nitrogen-Originated NBTI Mechanism in $\mathrm{SiON}$
	with High-Nitrogen Concentration}},
  booktitle = IRPS,
  year = {2006},
  pages = {454 - 460}
}

@ARTICLE{SANO02,
  author = {N. Sano and K. Matsuzawa and M. Mukai and N. Nakayama},
  title = {{On Discrete Random Dopant Modeling in Drift-Diffusion Simulations:
	Physical Meaning of ``Atomistic'' Dopants}},
  journal = MR,
  year = {2002},
  volume = {42},
  pages = {189-199},
  number = {2},
  owner = {goes},
  timestamp = {2011.10.28}
}

@ARTICLE{SARNTHEIN95,
  author = {Sarnthein, J. and Pasquarello, A. and Car, R.},
  title = {{Model of Vitreous $\mathrm{SiO_2}$ Generated by an Ab Initio Molecular-Dynamics
	Quench from the Melt}},
  journal = PRB,
  year = {1995},
  volume = {52},
  pages = {12690-12695},
  number = {17}
}

@ARTICLE{SARNTHEIN95B,
  author = {Sarnthein, J. and Pasquarello, A. and Car, R.},
  title = {{Structural and Electronic Properties of Liquid and Amorphous $\mathrm{SiO_2}$:
	An Ab Initio Molecular Dynamics Study}},
  journal = PRL,
  year = {1995},
  volume = {74},
  pages = {4682-4685},
  number = {23},
  numpages = {3}
}

@ARTICLE{SCHAIBLE99,
  author = {M. Schaible},
  title = {{Empirical Molecular Dynamics Modeling of Silicon and Silicon Dioxide:
	A Review }},
  journal = {Crit.Rev. in Sol.State$\&$Mat.Sci.},
  year = {1999},
  volume = {24},
  pages = {265-323},
  number = {4},
  note_own = {Critical Reviews in Solid State and Materials Sciences}
}

@ARTICLE{SCHANOVSKY-JCE12,
  author = {Schanovsky, F. and Baumgartner, O. and Sverdlov, V. and Grasser,
	T.},
  title = {{A Multi Scale Modeling Approach to Non-Radiative Multi Phonon Transitions
	at Oxide Defects in MOS Structures}},
  journal = JCE,
  year = {2012},
  volume = {11},
  pages = {218-224},
  number = {3},
  owner = {wolfgang},
  timestamp = {2013.02.20}
}

@ARTICLE{SCHANOVSKY-JVSTB11,
  author = {F. Schanovsky and W. Goes and T. Grasser},
  title = {{Multi-phonon hole-trapping from first principles}},
  journal = JVSTB,
  year = {2011},
  volume = {29},
  pages = {01A201-1}
}

@ARTICLE{SCHANOVSKY-JCE10,
  author = {F. Schanovsky and W. Goes and T. Grasser},
  title = {{An Advanced Description of Oxide Traps in MOS Transistors and its
	Relation to DFT}},
  journal = JCE,
  year = {2010},
  volume = {9},
  pages = {135-140}
}

@INPROCEEDINGS{SCHANOVSKY-IRPS12,
  author = {F. Schanovsky and T. Grasser},
  title = {{On the Microscopic Limit of the Modified Reaction-Diffusion Model
	for Negative Bias Temperature Instability}},
  booktitle = IRPS,
  year = {2012},
  pages = {XT.10.1-6}
}

@INPROCEEDINGS{SCHANOVSKY-IIRW11,
  author = {F. Schanovsky and T. Grasser},
  title = {{On the Microscopic Limit of the Reaction-Diffusion Model for Negative
	Bias Temperature Instability}},
  booktitle = IIRW,
  year = {2011},
  pages = {17-21}
}

@INPROCEEDINGS{SCHANOVSKY-SISPAD13,
author={F. Schanovsky and O. Baumgartner and W. Goes and T. Grasser},
booktitle=SISPAD,
title={{A Detailed Evaluation of Model Defects as Candidates for the Bias Temperature Instability}},
year={2013},
pages={1-4},
}

@ARTICLE{SCHARF95,
  author = {S. Scharf and M. Schmidt and D. Br{\"a}nig},
  title = {{Temperature-Dependent Positive Oxide Charge Annealing by Electron
	Tunneling}},
  journal = {Semicond.Sci.Technol.},
  year = {1995},
  volume = {10},
  pages = {586-591}
}




@INPROCEEDINGS{SCHLUENDER07B,
  author = {C. Schl{\"u}nder AND R.-P. Vollertsen AND W. Gustin AND H. Reisinger},
  title = {{A Reliable and Accurate Approach to Assess NBTI Behavior of State-Of-The-Art
	pMOSFETs With Fast-WLR}},
  booktitle = ESSDERC,
  year = {2007},
  pages = {131-134}
}

@ARTICLE{SCHMIDLIN66,
  author = {Schmidlin, Fred W.},
  title = {{Enhanced Tunneling through Dielectric Films due to Ionic Defects}},
  journal = JAP,
  year = {1966},
  volume = {37},
  pages = {2823-2832},
  number = {7},
  owner = {goes},
  timestamp = {2013.02.22}
}

@ARTICLE{SCHRODER07,
  author = {D.K. Schroder},
  title = {{Negative Bias Temperature Instability: What Do We Understand?}},
  journal = MR,
  year = {2007},
  volume = {47},
  pages = {841-852},
  number = {6}
}

@ARTICLE{SCHRODER03,
  author = {D.K. Schroder and J.A. Babcock},
  title = {{Negative Bias Temperature Instability: Road to Cross in Deep Submicron
	Silicon Semiconductor Manufacturing}},
  journal = JAP,
  year = {2003},
  volume = {94},
  pages = {1-18},
  number = {1}
}

@ARTICLE{SCHUEGRAF94,
  author = {K.F. Schuegraf and C.Hu},
  title = {{Reliability of Thin $\SiO$}},
  journal = SST,
  year = {1994},
  volume = {9},
  pages = {989-1004},
  number = {5}
}

@ARTICLE{SCHULZ93,
  author = {M. Schulz},
  title = {{Coulomb Energy of Traps in Semiconductor Space-Charge Regions}},
  journal = JAP,
  year = {1993},
  volume = {74},
  pages = {2649-2657},
  number = {4}
}

@ARTICLE{SCOPEL08,
  author = {W.L. Scopel and A.J.R. da Silva and A. Fazzio},
  title = {{Amorphous $\mathrm{HfO_2}$ and $\mathrm{Hf_{1-x}Si_xO}$ via a Melt-and-Quench
	Scheme using Ab Initio Molecular Dynamics}},
  journal = PRB,
  year = {2008},
  volume = {77},
  pages = {172101},
  number = {17},
  numpages = {4}
}

@ARTICLE{SCOPEL03,
  author = {Scopel, W. L. and da Silva, Ant\^onio J. R. and Orellana, W. and
	Prado, R. J. and Fantini, M. C. A. and Fazzio, A. and Pereyra, I.
	},
  title = {{Theoretical and Experimental Studies of the Atomic Structure of
	Oxygen-Rich Amorphous Silicon Oxynitride Films}},
  journal = PRB,
  year = {2003},
  volume = {68},
  pages = {155332},
  number = {15},
  numpages = {6}
}

@ARTICLE{SHAMIR99,
  author = {Shamir, N. and Mihaychuk, J.G. and van Driel, H.M. and Kreuzer, H.J.},
  title = {{Universal Mechanism for Gas Adsorption and Electron Trapping on
	Oxidized Silicon}},
  journal = PRL,
  year = {1999},
  volume = {82},
  pages = {359-361},
  number = {2},
  numpages = {2}
}

@INPROCEEDINGS{SHEN06B,
  author = {C. Shen AND M.-F. Li AND C. E. Foo AND T. Yang AND D.M. Huang AND
	A. Yap AND G.S. Samudra AND Y.-C. Yeo},
  title = {{Characterization and Physical Origin of Fast $\Vth$ Transient in
	NBTI of pMOSFETs with SiON Dielectric}},
  booktitle = IEDM,
  year = {2006},
  pages = {333-336}
}

@ARTICLE{SHEN06,
  author = {C. Shen AND M.-F. Li AND X.P. Wang AND Yee-Chia Yeo AND D.-L. Kwong},
  title = {{A fast Measurement Technique of MOSFET $I_\mathrm{D}$ -- $V_\mathrm{G}$
	Characteristics}},
  journal = IEEEEDL,
  year = {2006},
  volume = {27},
  pages = {55-57},
  number = {1}
}

@ARTICLE{SHOCKLEY52,
  author = {W. Shockley AND W.T. Read},
  title = {{Statistics of the Recombinations of Holes and Electrons}},
  journal = PR,
  year = {1952},
  volume = {87},
  pages = {835-842},
  number = {5}
}

@ARTICLE{SIEGER96,
  author = {Sieger, M.T. and Luh, D.A. and Miller, T. and Chiang, T.-C. },
  title = {{Photoemission Extended Fine Structure Study of the $\mathrm{SiO_2/Si(111)}$
	Interface}},
  journal = PRL,
  year = {1996},
  volume = {77},
  pages = {2758-2761},
  number = {13},
  numpages = {3}
}

@ARTICLE{SIERGIEJ92,
  author = {R.R. Siergiej and M.H. White and N.S. Saks},
  title = {{Theory and Measurement of Quantization Effects on $\mathrm{Si-SiO_2}$
	Interface Trap Modeling}},
  journal = SSE,
  year = {1992},
  volume = {35},
  pages = {843-854},
  number = {6},
  owner = {goes},
  timestamp = {2011.04.07}
}

@ARTICLE{SOLER02,
  author = {J.M. Soler and E. Artacho and J.D. Gale and A. Garc\'ia and J. Junquera
	and P. Ordej\'on and D. S\'anchez-Portal},
  title = {{The SIESTA Method for Ab Initio Order-N Materials Simulation}},
  journal = JPCM,
  year = {2002},
  volume = {14},
  pages = {2745-2779}
}

@ARTICLE{STATHIS90,
  author = {J. H. Stathis and J. Chapple-Sokol and E. Tierney and J. Batey},
  title = {{$E'$ Centers and Nitrogen-Related Defects in $\mathrm{SiO_2}$ Films}},
  journal = APL,
  year = {1990},
  volume = {56},
  pages = {2111-2113},
  number = {21}
}

@ARTICLE{STESMANS00,
  author = {A. Stesmans},
  title = {{Dissociation Kinetics of Hydrogen-Passivated $P_\mathrm{b}$ Defects
	at the $\mathrm{(111)Si/SiO_2}$ Interface}},
  journal = PRB,
  year = {2000},
  volume = {61},
  pages = {8393-8403},
  number = {12}
}

@ARTICLE{STESMANS96B,
  author = {A. Stesmans},
  title = {{Passivation of $P_\mathrm{b0}$ and $P_\mathrm{b1}$ Interface Defects
	in Thermal $\mathrm{(100)Si/SiO_2}$ with Molecular Hydrogen}},
  journal = APL,
  year = {1996},
  volume = {68},
  pages = {2076-2078},
  number = {15}
}

@ARTICLE{STESMANS98C,
  author = {A. Stesmans AND V.V. Afanas'ev},
  title = {{Electrical Activity of Interfacial Paramagnetic Defects in Thermal
	$\mathrm{(100)Si/SiO_2}$}},
  journal = PRB,
  year = {1998},
  volume = {57},
  pages = {10030-10034},
  number = {16}
}

@ARTICLE{STESMANS08,
  author = {A. Stesmans and K. Cl\'{e}mer and V. V. Afanas'ev},
  title = {{P-Associated Defects in the High-$\kappa$ Insulators $\mathrm{HfO_2}$
	and $\mathrm{ZrO_2}$ Revealed by Electron Spin Resonance}},
  journal = PRB,
  year = {2008},
  volume = {77},
  pages = {125341},
  number = {12},
  numpages = {9}
}

@ARTICLE{STONEHAM01,
  author = {Stoneham, A.M. and Szymanski, M.A. and Shluger, A.L.},
  title = {{Atomic and Ionic Processes of Silicon Oxidation}},
  journal = PRB,
  year = {2001},
  volume = {63},
  pages = {241304},
  number = {24},
  numpages = {4}
}

@ARTICLE{SULIMOV02,
  author = {Sulimov, V.B. and Sushko, P.V. and Edwards, A.H. and Shluger, A.L.
	and Stoneham, A.M.},
  title = {{Asymmetry and Long-Range Character of Lattice Deformation by Neutral
	Oxygen Vacancy in $\alpha$-Quartz}},
  journal = PRB,
  year = {2002},
  volume = {66},
  pages = {024108},
  number = {2},
  numpages = {14}
}

@ARTICLE{SUSHKO05,
  author = {P.V. Sushko and S. Mukhopadhyay and A.S. Mysovsky and V.B. Sulimov
	and A. Taga and A.L. Shluger},
  title = {{Structure and Properties of Defects in Amorphous Silica: New Insights
	from Embedded Cluster Calculations}},
  journal = JPCM,
  year = {2005},
  volume = {17},
  pages = {S2115},
  number = {21},
  owner = {goes},
  timestamp = {2011.04.21}
}

@ARTICLE{SUSHKO05B,
  author = {P.V. Sushko and S. Mukhopadhyay and A.M. Stoneham and A.L. Shluger},
  title = {{Oxygen Vacancies in Amorphous Silica: Structure and Distribution
	of Properties}},
  journal = me,
  year = {2005},
  volume = {80},
  pages = {292-295}
}

@ARTICLE{SUSHKO00,
  author = {P.V. Sushko and A.L. Shluger and C.R.A. Catlow},
  title = {{Relative Energies of Surface and Defect States: Ab Initio Calculations
	for the MgO (001) Surface}},
  journal = {Surface Science},
  year = {2000},
  volume = {450},
  pages = {153-170},
  number = {3}
}

@INPROCEEDINGS{SVERDLOV09,
  author = {V. Sverdlov and O. Baumgartner and H. Kosina and S. Selberherr and
	F. Schanovsky and D. Esseni},
  title = {{The Linear Combination of Bulk Bands-Method for Electron and Hole
	Subband Calculations in Strained Silicon Films and Surface Layers}},
  booktitle = IWCE,
  year = {2009},
  pages = {49-52}
}

@INPROCEEDINGS{SVERDLOV09B,
  author = {V. Sverdlov and T. Windbacher and O. Baumgartner and F. Schanovsky
	and S. Selberherr},
  title = {{Valley Splitting in Thin Silicon Films from a Two-Band k$\cdot$p
	Model}},
  booktitle = IWCE,
  year = {2009},
  pages = {277-280}
}

@ARTICLE{SZYMANSKI00,
  author = {M.A. Szymanski and A.M. Stoneham and A. Shluger},
  title = {{The Different Roles of Charged and Neutral Atomic and Molecular
	Oxidising Species in Silicon Oxidation from Ab Initio Calculations}},
  journal = SSE,
  year = {2001},
  volume = {45},
  pages = {1233-1240},
  number = {8}
}

@ARTICLE{SZYMANSKI01,
  author = {M.A. Szymanski and A.M. Stoneham and A. Shluger},
  title = {{The Roles of Charged and Neutral Oxidising Species in Silicon Oxidation
	from Ab-Initio Calculations}},
  journal = {Microelectronics Reliability},
  year = {2000},
  volume = {40},
  pages = {567-570},
  number = {4-5}
}

@ARTICLE{TAKAGI99,
  author = {S. Takagi and N. Yasuda and A. Toriumi},
  title = {{A New $I$-$V$ Model for Stress-Induced Leakage Current Including
	Inelastic Tunneling}},
  journal = IEEETED,
  year = {1999},
  volume = {46},
  pages = {348-354},
  number = {2},
  owner = {wolfgang},
  timestamp = {2013.07.14}
}

@ARTICLE{TAKEUCHI04,
  author = {H. Takeuchi and D. Ha and T.-J. King},
  title = {{Observation of Bulk $\mathrm{HfO_2}$ Defects by Spectroscopic Ellipsometry}},
  journal = JVSTA,
  year = {2004},
  volume = {22},
  pages = {1337-1341},
  number = {4}
}

@ARTICLE{TAN03,
  author = {S.S. Tan and T.P. Chen and J.M. Soon and K.P. Loh and C.H. Ang and
	L. Chan},
  title = {{Nitrogen-Enhanced Negative Bias Temperature Instability: An Insight
	by Experiment and First-Principle Calculations}},
  journal = APL,
  year = {2003},
  volume = {82},
  pages = {1881-1883},
  number = {12}
}

@ARTICLE{TANG08,
  author = {C. Tang and R. Ramprasad},
  title = {{A Study of Hf Vacancies at $\mathrm{Si:HfO_2}$ Heterojunctions}},
  journal = APL,
  year = {2008},
  volume = {92},
  pages = {152911},
  number = {15},
  numpages = {3}
}

@ARTICLE{TANG08B,
  author = {C. Tang and R. Ramprasad},
  title = {{Oxygen Defect Accumulation at $\mathrm{Si:HfO_2}$ Interfaces}},
  journal = APL,
  year = {2008},
  volume = {92},
  pages = {182908},
  number = {18},
  numpages = {3}
}

@ARTICLE{TANG07B,
  author = {C. Tang and R. Ramprasad},
  title = {{Ab Initio Study of Oxygen Interstitial Diffusion near $\mathrm{Si:HfO_2}$
	Interfaces}},
  journal = PRB,
  year = {2007},
  volume = {75},
  pages = {241302},
  number = {24},
  numpages = {4}
}

@ARTICLE{TANG07,
  author = {C. Tang and B. Tuttle and R. Ramprasad},
  title = {{Diffusion of O Vacancies near $\mathrm{Si:HfO_2}$ Interfaces: An
	Ab Initio Investigation}},
  journal = PRB,
  year = {2007},
  volume = {76},
  pages = {073306},
  number = {7},
  numpages = {4}
}

@ARTICLE{TATSAMURA04,
  author = {Tatsumura, K. and Watanabe, T. and Yamasaki, D. and Shimura, T. and
	Umeno, M. and Ohdomari, I. },
  title = {{Residual order within thermally grown amorphous $\mathrm{SiO_2}$
	on crystalline silicon}},
  journal = PRB,
  year = {2004},
  volume = {69},
  pages = {085212},
  number = {8},
  numpages = {5}
}

@PHDTHESIS{TEWKSBURY92,
  author = {T.L. Tewksbury},
  title = {{Relaxation Effects in MOS Devices due to Tunnel Exchange with Near-Interface
	Oxide Traps}},
  school = {MIT},
  year = {1992},
  type = {{Ph.D.~Thesis}}
}

@INPROCEEDINGS{TOLEDANO11,
  author = {M. Toledano-Luque and B. Kaczer and P.J. Roussel and T. Grasser and
	G.I. Wirth and J. Franco and C. Vrancken and N. Horiguchi and G.
	Groeseneken},
  title = {{Response of a Single Trap to AC Negative Bias Temperature Stress}},
  booktitle = IRPS,
  year = {2011},
  pages = {4A.2.1-4A.2.8},
  owner = {wolfgang},
  timestamp = {2013.07.18}
}

@INPROCEEDINGS{TOLEDANO12,
  author = {Toledano-Luque, M. and Kaczer, B. and Simoen, E. and Degraeve, R.
	and Franco, J. and Roussel, P.J. and Grasser, T. and Groeseneken,
	G.},
  title = {{Correlation of Single Trapping and Detrapping Effects in Drain and
	Gate Currents of Nanoscaled nFETs and pFETs}},
  booktitle = IRPS,
  year = {2012},
  journal = IRPS,
  owner = {wolfgang},
  timestamp = {2013.02.20}
}

@ARTICLE{TSETSERIS06,
  author = {L. Tsetseris and S.T. Pantelides},
  title = {{Oxygen Migration, Agglomeration, and Trapping: Key Factors for the
	Morphology of the $Si-SiO2$ Interface}},
  journal = PRL,
  year = {2006},
  volume = {97},
  pages = {116101},
  number = {11},
  numpages = {4}
}

@ARTICLE{TSETSERIS04,
  author = {Tsetseris, L. and Pantelides, S.T.},
  title = {{Migration, Incorporation, and Passivation Reactions of Molecular
	Hydrogen at the $\mathrm{Si-SiO_2}$ Interface}},
  journal = PRB,
  year = {2004},
  volume = {70},
  pages = {245320},
  number = {24},
  numpages = {6}
}

@ARTICLE{TSETSERIS05,
  author = {L. Tsetseris and X. J. Zhou and D. M. Fleetwood and R. D. Schrimpf
	and S. T. Pantelides},
  title = {{Physical Mechanisms of Negative-Bias Temperature Instability}},
  journal = APL,
  year = {2005},
  volume = {86},
  pages = {142103},
  number = {14},
  numpages = {3}
}

@ARTICLE{TU01,
  author = {Y. Tu and J Tersoff},
  title = {{Structure of the Silicon-Oxide Interface}},
  journal = {Thin Solid Films},
  year = {2001},
  volume = {400},
  pages = {95-100},
  number = {1-2},
  owner = {wolfgang},
  timestamp = {2013.02.25}
}

@ARTICLE{TU00,
  author = {Tu, Y. and Tersoff, J. },
  title = {{Structure and Energetics of the $\mathrm{Si-SiO_2}$ Interface}},
  journal = PRL,
  year = {2000},
  volume = {84},
  pages = {4393-4396},
  number = {19},
  numpages = {3}
}

@ARTICLE{TUTTLE00,
  author = {Tuttle, B.},
  title = {{Energetics and Diffusion of Hydrogen in $\mathrm{SiO_2}$}},
  journal = PRB,
  year = {2000},
  volume = {61},
  pages = {4417-4420},
  number = {7},
  numpages = {3}
}

@ARTICLE{TUTTLE99,
  author = {B. Tuttle},
  title = {{Hydrogen and $P_\mathrm{b}$ Defects at the $\mathrm{(111)Si-SiO_{2}}$
	Interface: An Ab Initio Cluster Study}},
  journal = PRB,
  year = {1999},
  volume = {60},
  pages = {2631-2637},
  number = {4},
  numpages = {6}
}

@ARTICLE{TUTTLE04,
  author = {Tuttle, B. R.},
  title = {{Theoretical Investigation of the Valence-Band Offset between $\mathrm{Si(001)}$
	and $\mathrm{SiO_2}$}},
  journal = PRB,
  year = {2004},
  volume = {70},
  pages = {125322},
  number = {12},
  numpages = {10}
}

@ARTICLE{UMEZAWA08,
  author = {N. Umezawa and K. Shiraishi and Y. Akasaka and A. Oshiyama and S.
	Inumiya and S. Miyazaki and K. Ohmori and T. Chikyow and T. Ohno
	and K. Yamabe and Y. Nara and K. Yamada},
  title = {{Chemical Controllability of Charge States of Nitrogen-Related Defects
	in $\mathrm{HfO_xN_y}$: First-Principles Calculations}},
  journal = PRB,
  year = {2008},
  volume = {77},
  pages = {165130},
  number = {16},
  numpages = {6}
}
@ARTICLE(UREN88,
 AUTHOR={M. Uren AND M.J. Kirton AND S. Collins},
 TITLE={{Anomalous Telegraph Noise in Small-Area Silicon Metal-Oxide-Semiconductor Field-Effect Transistors}},
 JOURNAL=PRB,
 VOLUME=37,
 Number=14,
 PAGES={8346-8350},
 YEAR=1988,
)

@ARTICLE{VANGINHOVEN07,
  author = {Van Ginhoven, R.M. and H.P. Hjalmarson},
  title = {{Atomistic Simulation of $\mathrm{Si/SiO_2}$ Interfaces}},
  journal = NIMPRB,
  year = {2007},
  volume = {255},
  pages = {183-187},
  number = {1},
  note_own = {Nucl.Instr. and Meth. in Phys.Research Sect.B: Beam Interactions with
	Materials and Atoms}
}

@ARTICLE{VANGINHOVEN06,
  author = {Van Ginhoven, R.M. and H.P. Hjalmarson and A.H. Edwards and B.R.
	Tuttle},
  title = {{Hydrogen Release in $\mathrm{Si/SiO_2}$: Source Sites and Release
	Mechanisms}},
  journal = {Nucl. Instr. Meth. Phys. Res. B}, 
  year = {2006},
  volume = {250},
  pages = {274--278},
  number = {1-2},
  note_own = {Nucl.Instr. and Meth. in Phys.Research Sect.B: Beam Interactions with
	Materials and Atoms}
}

@ARTICLE{VANGINHOVEN05,
  author = {Van Ginhoven, R.M. and J\'onsson, H. and Corrales, L.},
  title = {{Silica Glass Structure Generation for Ab Initio Calculations using
	Small Samples of Amorphous Silica}},
  journal = PRB,
  year = {2005},
  volume = {71},
  pages = {024208},
  number = {2},
  numpages = {15}
}

@ARTICLE{VANGINHOVEN05B,
  author = {Van Ginhoven, R.M. and H. J\'onsson and B. Park and L.R. Corrales},
  title = {{Cleavage and Recovery of Molecular Water in Silica}},
  journal = {The Journal of Physical Chemistry B},
  year = {2005},
  volume = {109},
  pages = {10936-10945},
  number = {21}
}

@ARTICLE{VANDAMME08,
  author = {Vandamme, L. K J and Hooge, F. N.},
  title = {{What Do We Certainly Know About $1/f$ Noise in MOSTs?}},
  journal = IEEETED,
  year = {2008},
  volume = {55},
  pages = {3070-3085},
  number = {11},
  owner = {goes},
  timestamp = {2013.06.11}
}

@ARTICLE{VANDELLI11,
  author = {Vandelli, L. and Padovani, A. and Larcher, L. and Southwick, R.G.
	and Knowlton, W.B. and Bersuker, G.},
  title = {{A Physical Model of the Temperature Dependence of the Current Through
	$\mathrm{SiO_2}/\mathrm{HfO_2}$ Stacks}},
  journal = IEEETED,
  year = {2011},
  volume = {58},
  pages = {2878-2887},
  number = {9},
  owner = {wolfgang},
  timestamp = {2013.02.20}
}

@INPROCEEDINGS{VANDELLI10,
  author = {Vandelli, L. and Padovani, A. and Larcher, L. and Southwick, R.G.
	and Knowlton, W.B. and Bersuker, G.},
  title = {{Modeling Temperature Dependency (6 - 400K) of the Leakage Current
	Through the $\mathrm{SiO_2}$/high-K Stacks}},
  booktitle = {{Proceedings of the 40$^\mathrm{th}$ European Solid-State Device
	Research Conference (ESSDERC) }},
  year = {2010},
  pages = {388-391},
  owner = {goes},
  timestamp = {2013.06.10}
}

@ARTICLE{VASHISHTA90,
  author = {Vashishta, P. and Kalia, R.K. and Rino, J.P. and Ebbsj\"o, I. },
  title = {{Interaction Potential for $\mathrm{SiO_2}$: A Molecular-Dynamics
	Study of Structural Correlations}},
  journal = PRB,
  year = {1990},
  volume = {41},
  pages = {12197-12209},
  number = {17}
}

@ARTICLE{VOLLMAYR96,
  author = {Vollmayr, K. and Kob, W. and Binder, K.},
  title = {{Cooling-Rate Effects in Amorphous Silica: A Computer-Simulation
	Study}},
  journal = PRB,
  year = {1996},
  volume = {54},
  pages = {15808-15827},
  number = {22}
}

@INPROCEEDINGS{WAGNER-IPFA10,
  author = {P.-J. Wagner and T. Grasser and H. Reisinger and B. Kaczer},
  title = {{Oxide Traps in MOS Transistors: Semi-Automatic Extraction of Trap
	Parameters from Time Dependent Defect Spectroscopy}},
  booktitle = IPFA,
  year = {2010},
  pages = {249-254}
}

@ARTICLE{VANDEWALLE89,
  author = {C.G. Van de Walle and P.J.H. Denteneer and Y. Bar-Yam and S.T. Pandelides},
  title = {{Theory of Hydrogen Diffusion and Reactions in Crystalline Silicon}},
  journal = PRB,
  year = {1989},
  volume = {39},
  pages = {10791-10808},
  number = {15},
  owner = {wolfgang},
  timestamp = {2011.05.08}
}

@ARTICLE{VANDEWALLE04,
  author = {C.G. Van de Walle and J. Neugebauer},
  title = {{First-Principles Calculations for Defects and Impurities: Applications
	to III-Nitrides}},
  journal = JAP,
  year = {2004},
  volume = {95},
  pages = {3851-3879},
  number = {8}
}

@ARTICLE{VANDEWALLE94,
  author = {C.G. Van de Walle and R.A. Street},
  title = {{Structure, Energetics, and Dissociation of $\mathrm{Si}$-$\mathrm{H}$
	Bonds at Dangling Bonds in Silicon}},
  journal = PRB,
  year = {1994},
  volume = {49},
  pages = {14766-14769},
  number = {20},
  owner = {goes},
  timestamp = {2011.05.09}
}

@ARTICLE{WARREN96,
  author = {W.L. Warren and J.K. and E.H. Poindexter},
  title = {{Paramagnetic Point Defects in Silicon Nitride and Silicon Oxynitride
	Thin Films on Silicon}},
  journal = {Coll.$\&$Surf.A: Phys.chem.$\&$Engineer.Aspects},
  year = {1996},
  volume = {115},
  pages = {311-317},
  note_own = {Colloids and Surfaces A: Physicochemical and Engineering Aspects}
}

@ARTICLE{WATANABE98,
  author = {Watanabe, H. and Kato, K. and Uda, T. and Fujita, K. and Ichikawa,
	M. and Kawamura, T. and Terakura, K. },
  title = {{Kinetics of Initial Layer-by-Layer Oxidation of $\mathrm{Si(001)}$
	Surfaces}},
  journal = PRL,
  year = {1998},
  volume = {80},
  pages = {345-348},
  number = {2},
  numpages = {3}
}

@ARTICLE{WATANABE07,
  author = {T. Watanabe and I. Ohdomari},
  title = {{A Kinetic Equation for Thermal Oxidation of Silicon Replacing the
	Deal-Grove Equation}},
  journal = JECS,
  year = {2007},
  volume = {154},
  pages = {G270-G276},
  number = {12}
}

@ARTICLE{WATANABE04B,
  author = {T. Watanabe and K. Tatsumura and I. Ohdomari},
  title = {{$\mathrm{SiO_2/Si}$ Interface Structure and its Formation Studied
	by Large-Scale Molecular Dynamics Simulation}},
  journal = ASS,
  year = {2004},
  volume = {237},
  pages = {125-133},
  number = {1-4}
}

@ARTICLE{WATANABE04,
  author = {T. Watanabe and D. Yamasaki and K. Tatsumura and I. Ohdomari},
  title = {{Improved Interatomic Potential for Stressed Si, O Mixed Systems}},
  journal = ASS,
  year = {2004},
  volume = {234},
  pages = {207-213},
  number = {1-4}
}

@ARTICLE{WEISSMAN88,
  author = {M.B. Weissman},
  title = {{$1/f$ Noise and other Slow, Nonexponential Kinetics in Condensed
	Matter}},
  journal = RMP,
  year = {1988},
  volume = {60},
  pages = {537-571},
  number = {2}
}

@ARTICLE{WILK01,
  author = {G.D. Wilk and R.M. Wallace and J.M. Anthony},
  title = {{High-$\kappa$ Gate Dielectrics: Current Status and Materials Properties
	Considerations}},
  journal = JAP,
  year = {2001},
  volume = {89},
  pages = {5243-5275},
  number = {10}
}

@INPROCEEDINGS{HEIWONG01,
  author = {Hei Wong and Gritsenko, V.A.},
  title = {{Dielectric Traps in Amorphous Silicon Oxynitride}},
  booktitle = {Proc.EDM},
  year = {2001},
  pages = {132-139}
}

@ARTICLE{XU97,
  author = {J. Xu and W.J. Choyke and J.T. Yates},
  title = {{Enhanced Silicon Oxide Film Growth on $\mathrm{Si (100)}$ using
	Electron Impact}},
  journal = JAP,
  year = {1997},
  volume = {82},
  pages = {6289-6292},
  number = {12}
}

@ARTICLE{XU95,
  author = {Xu, Y.-N. and Ching, W. Y.},
  title = {{Electronic Structure and Optical Properties of $\alpha${} and $\beta$
	Phases of Silicon Nitride, Silicon Oxynitride, and with Comparison
	to Silicon Dioxide}},
  journal = PRB,
  year = {1995},
  volume = {51},
  pages = {17379-17389},
  number = {24},
  numpages = {10}
}

@ARTICLE{YAMASAKI01,
  author = {T. Yamasaki and C. Kaneta and T. Uchiyama and T. Uda and K. Terakura},
  title = {{Geometric and Electronic Structures of $\mathrm{SiO_2/Si(001)}$
	Interfaces}},
  journal = PRB,
  year = {2001},
  volume = {63},
  pages = {115314},
  number = {11},
  owner = {goes},
  timestamp = {2011.04.21}
}

@ARTICLE{YANG05,
  author = {T. Yang AND C. Shen AND M.-F. Li AND C.H. Ang AND C.X. Zhu AND Y.-C.
	Yeo AND G. Samudra AND S.C. Rustagi AND M.B. Yu AND D.-L. Kwong},
  title = {{Fast DNBTI Components in p-MOSFET with SiON Dielectric}},
  journal = IEEEEDL,
  year = {2005},
  volume = {26},
  pages = {826-828},
  number = {11}
}

@ARTICLE{YOKOZAWA97,
  author = {Yokozawa, A. and Miyamoto, Y. },
  title = {{First-Principles Calculations for Charged States of Hydrogen Atoms
	in $\mathrm{SiO_2}$} },
  journal = PRB,
  year = {1997},
  volume = {55},
  pages = {13783-13788},
  number = {20},
  numpages = {5}
}

@ARTICLE{YOUNT91,
  author = {J.T. Yount and G.T. Kraus and P.M. Lenahan and D.T. Krick},
  title = {{Photoinduced Paramagnetic Centers in Amorphous Silicon Oxynitride}},
  journal = JAP,
  year = {1991},
  volume = {70},
  pages = {4969-4972},
  number = {9}
}

@ARTICLE{YOUNT92,
  author = {J.T. Yount and P.M. Lenahan },
  title = {{Electron Spin Resonance Study of Radiation-Induced Point Defects
	in Nitrided and Reoxidized Nitrided Oxides}},
  journal = IEEETNS,
  year = {1992},
  volume = {39},
  pages = {2211-2219},
  number = {6}
}

@ARTICLE{ZAFAR05,
  author = {S. Zafar},
  title = {{Statistical Mechanics Based Model for Negative Bias Temperature
	Instability Induced Degradation}},
  journal = JAP,
  year = {2005},
  volume = {97},
  pages = {1-9},
  number = {10}
}

@INPROCEEDINGS{ZANOLLA08,
  author = {N. Zanolla AND D. Siprak AND P. Baumgartner AND E. Sangiorgi AND
	C. Fiegna},
  title = {{Measurement and Simulation of Gate Voltage Dependence of RTS Emission
	and Capture Time Constants in MOSFETs}},
  booktitle = {Ultimate Integration of Silicon},
  year = {2008},
  pages = {137-140}
}

@MISC{MINIMOS,
  note = {$\emph{MiniMOS-NT Device and Circuit Simulator}$, Institute for Microelectronic,
	TU Wien},
  owner = {goes},
  timestamp = {2011.07.29}
}

 poindexter_hydrogenous% Bibliography for the test
 @article{revesz,
 author = {Revesz, A. G.},
 journal = {IEEE Trans. Nucl. Sci.},
 year = {1977},
 volume = {24},
 pages = {2102},
 }
 
 @article{mclean_radiation,
 Author = {McLean, F. B.},
 Journal = {IEEE Trans. Nucl. Sci.},
 Year = {1980},
 Volume = {27},
 Number = {6},
 Pages = {1651-1657},
 }
 
 @article{griscom_radiation1,
 Author = {Griscom, D. L.},
 Title = {Diffusion of Radiolytic Molecular-Hydrogen as a Mechanism for the
    Post-Irradiation Buildup of Interface States in SiO$_2$-On-Si Structures},
 Journal = {J. Appl. Phys.},
 Year = {1985},
 Volume = {58},
 Number = {7},
 Pages = {2524-2533},
 DOI = {10.1063/1.335931},
 ISSN = {0021-8979},
 Unique-ID = {ISI:A1985ARF6600017},
 }
 
 @article{griscom_radiation2,
 Author = {GRISCOM, DL},
 Title = {HYDROGEN MODEL FOR RADIATION-INDUCED INTERFACE STATES IN SIO2-ON-SI
    STRUCTURES - A REVIEW OF THE EVIDENCE},
 Journal = {J. ELECTRON. MATER.},
 Year = {1992},
 Volume = {21},
 Number = {7},
 Pages = {763--767},
 }
 
 @article{h_spillover,
 Author = {Prins, R.},
 Journal = {Chem. Rev.},
 Year = {{2012}},
 Volume = {{112}},
 pages={2714--2738},
 }
 
 @article{pt_electrode,
 Author = {Hwang, Y. and Engel-Herbert, R. and Rudawski, N. G. and Stemmer, S.},
 Journal = {J. App. Phys.},
 Year = {2010},
 Volume = {108},
 pages={034111},
 }
 
 @article{pd_electrode,
 Author = {Wang, C. H. and Wang, S. W. and Dornboos, G. and Astromskas, G. and Bhuwalka, K. and Cortreras-Guerro, R. and Edirisooriya, M. and Roijas-Ramirez, J. S. and Vellitantis, G. and Oxland, R. and Holland, M. C. and Hsieh, C. H. and Ramwall, P. and Lind, E. and Hsu, W. C. and Wernersson, L.-E. and Droopad, R. and Passlack, M. and Diaz, C. H.},
 Journal = {App. Phys. Lett.},
 Year = {2013},
 Volume = {103},
 pages={143510},
 }
 
 @article{ru_electrode,
 Author = {Swerts, J. and Popovici, M. and Kaczer, B. and Aoulaiche, M. and Redolfi, A. and Clima, S. and Caillat, C. and Wang, W. C. and Afanas'ev, V. V. and Jourdan, N. and Olk, C. and Hody, H. and Van Elshocht, S. and Jurczak, M.},
 Journal = {IEEE Electron. Dev. Lett.},
 Year = {2014},
 Volume = {35},
 pages={753},
 }
 
 @article{sisio2_vb_offset_afanasev,
 Author = {Afanas'ev, V. V. and Stesmans, A.},
 Title = {{Internal photoemission at interfaces of high-kappa insulators with
    semiconductors and metals}},
 Journal = {{J. APPL. PHYS.}},
 Year = {{2007}},
 Volume = {{102}},
 Number = {{8}},
 Month = {{OCT 15}},
 DOI = {{10.1063/1.2799091}},
 Article-Number = {{081301}},
 ISSN = {{0021-8979}},
 EISSN = {{1089-7550}},
 Unique-ID = {{ISI:000250589300001}},
 }
 
 @article{brower_passivation,
 author={K L Brower},
 title={Electron paramagnetic resonance studies of Si-SiO 2 interface defects},
 journal={Semicond. Sci. and Technol.},
 volume={4},
 number={12},
 pages={970},
 url={http://stacks.iop.org/0268-1242/4/i=12/a=002},
 year={1989},
 abstract={This paper contains a review of electron paramagnetic resonance studies on P b -type centres at the Si-SiO 2 interface. It includes a synopsis of studies on the atomic structure of P b defects and the chemical kinetics whereby P b centres are passivated with H 2 .}
 }
 
 @article{h_sio2_epr,
 author = {Li, J. AND Kannan, S. and Lehman, R. L. and Sigel, G. H.},
 journal = {Appl. Phys. Lett.},
 volume={66},
 year=1995,
 pages={2816--2818},
 } 
 
 @article{robertson_oxides,
 title={Behaviour of hydrogen in wide band gap oxides},
 author = {Li, H. and Robertson, J.},
 journal = {J. Appl. Phys.},
 year = {2014},
 volume = {115},
 pages = {203708},
 }
 
 @article{hdefect_tbp,
 author={El-Sayed, A-M. and Wimmer, Y. and Goes, W. and Grasser, T. and Shluger, A.},
 year={2014},
 journal={To Be Published},
 }
 
 @article{rivera_hdefect,
 title={Hydrogen-related hole capture and positive charge build up in buried oxides},
 author = {Rivera, A. AND van Veen, A. and Schut, H. and de Nijs, J. M. M. and Balk, P.},
 journal = {Solid State Electron.},
 volume={46},
 year={2002},
 pages={1775--1785},
 }
 
 @article{h_zno,
 title = {Hydrogen: A Relevant Shallow Donor in Zinc Oxide},
 author = {Hofmann, Detlev M. and Hofstaetter, Albrecht and Leiter, Frank and Zhou, Huijuan and Henecker, Frank and Meyer, Bruno K. and Orlinskii, Sergei B. and Schmidt, Jan and Baranov, Pavel G.},
 journal = {Phys. Rev. Lett.},
 volume = {88},
 pages = {045504},
 year = {2002},
 month = {Jan},
 }
 
 
 @article{wilde_hdefect,
 title={Hydrogen detection near surfaces and shallow interfaces with resonant nuclear reaction analysis},
 author = {Wilde, M. and Fukutani, K.},
 journal = {Surface Sci. Reports},
 volume={69},
 year=2014,
 pages={196--295},
 } 
 
 @article{devine_hdefect1,
 title={Oxygen gettering and oxide degradation during annealing of Si/SiO$_2$/Si structure},
 author = {Devine, R. A. B. and Warren, W. L. and Xu, J. B. and Wilson, I. H. and Paillet, P. and Leray, J. L.},
 journal = {J. Appl. Phys.},
 volume={77},
 year=1995,
 pages={1754},
 } 
 
 @article{devine_hdefect2,
 title={O interstitial generation and diffusion in high-temperature annealed Si/SiO$_2$/Si structures},
 author = {Devine, R. A. B. and Mathiot, D. and Warren, W. L. and Aspar, B.},
 journal = {J. Appl. Phys.},
 volume={79},
 year=1996,
 pages={2302--2308},
 } 
 
 
 @article{skuja_hydrogen,
 author= {Skuja, L. and Kajihara, K. and Hirano, M. and  Saitoh, A. and Hosono, H.},
 title={A new hydrogen-related E$^\prime$-center},
 journal={J. Non-cryst. Sol.},
 year={2006},
 volume={352},
 pages={2297--2302},
 }
 
 @article{skuja_hydrogen2,
 author= {Skuja, L. and Kajihara, K. and Hirano, M. andHosono, H.},
 title={Hydrogen-related radiation defects in SiO$_2$-based glasses},
 journal={Nucl. Instr. and Meth. in Phys. Res. B},
 year={2008},
 volume={266},
 pages={2971--2975},
 }
 
 @article{shkrob1,
 author= {Shkrob, I. A. and  Tadjikov, B. M. and  Chemerisov, S. D. and Trifunac, A. D.}, 
 title={Electron trapping and hydrogen atoms in oxide glasses},
 journal={J. Chem. Phys.},
 year={1999},
 volume={111},
 pages={5124--5140},
 }
 
 @article{shkrob2,
 author= {Shkrob, I. A.  and Trifunac, A. D.},
 title={Spin-polarized H/D atoms and radiation chemistry in amorphous silica},
 journal={J. Chem. Phys.},
 year={1997},
 volume={107},
 pages={2374--2385},
 }
 
 @article{kajihara_hydrogen,
 author= {Kajihara, K. and  Skuja, L. and Hirano, M. and Hosono, H.}, 
 title={In situ observation of the formation, diffusion, and reactions of hydrogenous species in F$_2$-laser-irradiated SiO$_2$ glass using a pump-and-probe technique},
 journal={Phys. Rev. B},
 year={2006},
 volume={74},
 pages={094202},
 }
 
 @article{vitko_hydrogen,
 author= {Vitko, J.},
 journal={J. Appl. Phys.},
 year={1978},
 volume={49},
 pages={5530},
 }
 
 @article{radzig_surface,
 author= {Radzig, V. A.},
 journal={Kinetika i Kataliz},
 year={1979},
 volume={20},
 pages={456},
 }
 
 @inbook{pobegen_h_nbti,
 author= {Pobegen, G. and Aichinger, T. and Nelhiebel, M.},
 title = {Impact of Hydrogen on the Bias Temperature Instability},
 booktitle = {Bias Temperature Instability for Devices and Circuits},
 editor={T. Grasser},
 publisher = {Springer},
 year = {2014},
 pages = {485--506}
 }
 
 @article{wilde_hdefects2,
 author= {Wilde, M. and Matsumoto, M. and Fukutani, K.},
 title={Influence of H2-annealing on the hydrogen distribution near SiO$_2$/Si(100) interfaces revealed by in situ nuclear reaction analysis},
 journal={J. Appl. Phys.},
 year={2002},
 volume={92},
 pages={4320--4329},
 }
 
 @article{edwards_germann,
 author= {Edwards, A. H.  and Germann, G.}, 
 journal={Nucl. Instr. and Meth. in Phys. Res. B},
 year={1988},
 volume={32},
 pages={238--247},
 }
 
 @article{pacchioni_hdefects,
 author= {Pacchioni, G. and Vitiello, M.},
 title={EPR and IR spectral properties of hydrogen-associated bulk and surface defects in SiO$_2$: Ab initio calculations},
 journal={Phys. Rev. B},
 year={1998},
 volume={58},
 pages={7745--7752},
 }
 
 
 @inbook{hobbs_h,
 author= {B. E. Hobbs},
 title = {Point Defects in Minerals},
 publisher = {American Geophysical Union},
 year = {1985},
 pages = {151--169}
 volume={31},
 }
 
 @article{griscom_fibers,
 author = {Griscom, D. L.},
 journal = {Nucl. Instr. Methods B},
 year = {1990},
 volume = {46},
 pages = {12},
 }
 
 @article{hartstein_sih,
 author = {Hartstein, A. and Young, D. R.},
 journal = {Appl. Phys. Lett.},
 year = {1981},
 volume = {38},
 pages = {631},
 }
 
 @article{vandewalle_hydrogen,
 Author = {Van de Walle, CG and Neugebauer, J},
 Title = {Universal alignment of hydrogen levels in semiconductors, insulators and
 solutions},
 Journal = {Nature},
 Year = {2003},
 Volume = {423},
 Number = {6940},
 Pages = {626--628},
 }
 
 @article{godet_hydrogen,
 author={Godet, J. and Pasquarello, A.},
 title={\emph{Ab initio} Study of Charged States of H in Amorphous SiO$_2$},
 journal={Microelectronic Engineering},
 year={2005},
 volume={80},
 pages={288--291},
 }
 
 @article{tio2_foster,
 Author = {Enevoldsen, Georg H. and Pinto, Henry P. and Foster, Adam S. and Jensen,
 Mona C. R. and Hofer, Werner A. and Hammer, Bjork and Lauritsen, Jeppe
 V. and Besenbacher, Flemming},
 Title = {{Imaging of the Hydrogen Subsurface Site in Rutile TiO2}},
 Journal = {{Phys. Rev. Lett.}},
 Year = {{2009}},
 Volume = {{102}},
 Number = {{13}},
 Month = {{APR 3}},
 }
 
 
 
 @article{dimaria_injection,
 author = {DiMaria, D. J. and Cartier, E. and Arnold, D.}, 
 journal = {J. Appl. Phys.},
 year = {1993},
 volume= {73},
 pages = {3367},
 }
 
 @article{helms_bti,
 author = {Helms, C. R. and Poindexter, E. H.},
 journal = {Rep. Prog. Phys.},
 year = {1994},
 volume= {57},
 pages = {791},
 }
 @article{defect_density,
 author = {Stesmans, A. and Afanas'ev, V. V.},
 journal = {Journal of Physics: Condensed Matter},
 volume = {10},
 year = {1998},
 pages = {L19},
 }
 
 @article{afanasev_prb,
 author = {Afanas'ev, V. V. and Stesmans, A.},
 journal = {Phys. Rev. B},
 volume = {60},
 year = {1999},
 pages = {5506},
 }
 
 @article{afanasev_protonic1,
 author = {Afanas'ev, V. V. and Ciobanu, F. and Pensl, G. and Stesmans, A.},
 journal = {Solid State Electron.},
 volume = {46},
 year = {2002},
 pages = {1815},
 }
 
 @article{afanasev_pb,
 author = {Afanas'ev, V. V. and Stesmans, A.},
 journal = {J. Electrochem. Soc.},
 volume = {148},
 year = {2001},
 pages = {G279},
 }
 
 @article{stesmans_etrap,
 author = {Stesmans, A. and Afanas'ev, V. V.},
 journal = {Appl. Phys. Lett.},
 volume = {72},
 year = {1998},
 pages = {2271},
 }
 
 @article{stathis_prl,
 author = {Stathis, J. H. and Cartier, E.},
 journal = {Phys. Rev. Lett.},
 year = {1994},
 volume = {72},
 pages = {2745},
 }
 
 @article{afanasev_passivation,
 author = {Afanas'ev, V. V.},
 journal = {J. Appl. Phys.},
 year = {2007},
 volume = {102},
 pages = {081301},
 }
 
   journal = {Europhys. Lett.},
   volume = {401-402},
   pages = {546-549}
   volume = {401-402},
